2651 3500
532 60 553 76 ο
1092 37 1385 88 ..44

350 174 507 215 Verbum
533 175 782 215 delin'nmenta
808 177 895 215 satis
920 176 994 215 leni
1020 178 1216 215 mutatione
1244 182 1476 214 correxerunt
1501 188 1628 215 omnes
1655 176 1814 214 editores
1840 177 1878 215 in
1904 176 2153 222 delenimenta,
2180 177 2218 214 in
2245 189 2318 228 quo
2347 179 2441 218 nul»-

159 239 311 279 otnntivo
339 239 458 279 hesse
485 238 710 279 contendunt
735 251 815 278 eam
841 240 924 287 vim,
951 245 992 279 ut
1017 231 1196 292 significet
1222 251 1288 286 „ea
1315 239 1446 291 quibus
1472 239 1554 278 vitia
1568 239 1727 290 jucunda
1742 239 1943 279 redduntur
1959 252 2002 279 ac
2021 252 2061 279 se
2080 240 2260 279 insinuant
2275 241 2440 294 animos·-

159 314 235 353 que
253 302 445 342 dulcedine
468 315 532 342 sua
559 303 731 354 capiantf‘
763 303 830 342 sed
856 316 930 342 non
956 303 1096 343 videtur
1122 304 1325 343 necessaria
1351 303 1442 342 haec
1468 303 1684 354 conjectura.
1713 315 1794 341 nam
1823 315 1905 343 cum
1933 309 1970 341 et
1994 303 2239 343 liniamentum
2266 303 2439 344 substan-

158 366 269 405 tivum
286 367 372 405 satis
388 366 509 405 miiltis
527 371 673 405 occurat
689 365 779 405 locis
798 366 844 405 cf.
863 366 936 405 cic.
959 366 1055 406 Brut.
1084 366 1162 406 298
1189 366 1368 418 lntelliges
1394 366 1482 405 nihil
1504 367 1597 405 illius
1619 366 1902 405 lineamentis
1927 367 1995 405 nisi
2021 379 2147 406 eorum
2167 368 2442 419 pigmentorum,

157 441 252 481 quae
271 430 413 468 inventa
431 429 592 468 nondum
611 435 721 475 erant,
749 430 877 468 florem
904 435 942 469 et
968 431 1126 469 colorem
1154 430 1325 476 defuisse,
1352 430 1450 481 quod
1478 430 1648 480 scriptum
1676 430 1787 468 fuisse
1814 430 2056 468 liniamentum
2085 443 2163 469 non
2185 431 2440 481 lineamentum

157 492 238 532 libri
264 493 398 532 docent
424 493 483 543 (cr.
509 493 599 544 Jeep
627 506 756 532 comm.
784 495 858 532 crit.
887 494 933 532 ad
959 494 1087 533 Justini
1118 494 1151 540 1,
1179 493 1215 540 2,
1243 493 1291 540 2,)
1322 501 1359 533 et
1386 494 1587 533 delineandi
1624 494 1773 532 verbum
1807 494 1842 532 in
1870 494 1971 532 Plinii
1998 507 2032 532 n.
2060 493 2096 532 h.
2124 494 2187 541 35,
2217 494 2276 542 10,
2304 494 2355 534 56
2382 495 2442 534 le-

158 562 264 608 gatur
290 547 332 595 ea
359 562 544 608 potestate,
573 562 612 596 ut
638 557 819 596 delineare
846 558 1037 609 imaginem
1076 558 1231 596 carbone
1268 559 1314 596 sit
1346 558 1402 596 die
1431 558 1584 596 umrisse
1612 556 1781 603 macheu,
1819 557 2107 596 deliniamentum
2143 571 2216 596 non
2253 564 2310 597 est
2345 559 2443 611 quod

159 621 305 660 omnino
333 621 587 673 improbemus,
623 621 707 660 licet
732 622 768 659 in
796 634 1024 660 romanorum
1052 622 1169 668 libris,
1199 622 1258 673 qui
1286 622 1331 660 ad
1360 627 1515 660 nostram
1543 627 1692 660 aetatem
1721 628 1977 673 pervenerunt,
2005 635 2077 660 non
2105 622 2311 661 inveniatur.
2359 628 2443 661 sunt

159 690 277 723 autem
317 684 565 724 deliniamenta
602 685 661 723 die
698 691 820 724 ersten
857 686 1029 731 umrisse,
1068 686 1126 724 die
1162 691 1336 724 ‘ausseren
1373 685 1772 736 crkennungszeichen,
1810 692 1845 723 et
1880 691 1989 723 totam
2026 686 2237 724 sententiam
2275 687 2352 725 fere
2390 688 2442 725 sic

157 749 346 787 verterim:
375 748 548 795 „maelich
576 749 657 787 kam
684 762 766 788 man
794 763 838 787 zu
866 749 937 788 den
962 755 1082 788 ersten
1102 749 1279 788 umrissen
1299 749 1363 787 der
1381 748 1807 800 verschlechterung,-zu
1826 748 1956 796 hallen,
1984 749 2129 795 b'adern,
2159 749 2273 787 feiner
2290 750 2443 788 kiiche.“

349 866 441 915 Agr.
468 866 530 905 82.
585 864 740 904 Ceterum
767 879 810 903 ex
836 867 1016 904 iracundia
1042 867 1129 904 nihil
1155 872 1339 914 supererat,
1367 872 1592 904 secretum
1619 872 1664 903 ut
1692 867 1932 904 silentiam
1959 867 2030 915 ejus
2056 878 2123 904 non
2148 867 2294 904 timeres.

349 938 474 990 Neque
503 939 718 990 conjecturis
747 945 927 977 secretum
955 945 992 977 et
1018 939 1196 978 silentium
1225 945 1285 977 aut
1311 939 1396 977 nihil
1417 945 1602 990 supererat
1621 945 1809 985 secretum,
1838 945 1877 977 ut
1897 939 2074 978 silentium
2096 940 2174 990 ejus
2192 951 2269 991 ⁴non
2285 939 2442 985 timeres,

159 1002 266 1041 altera
291 1002 477 1041 Puteolani
504 1003 612 1042 altera
639 1003 845 1042 Doederlini
873 1017 964 1055 opus
993 1009 1067 1049 est,
1104 1016 1223 1054 neque
1252 1004 1368 1042 Wexii
1396 1004 1635 1054 interpretatio
1665 1004 1970 1052 (verschlossenes
1999 1004 2220 1055 schweigen,
2259 1003 2442 1055 geheimer

160 1066 262 1117 groll)
290 1067 388 1104 omni
416 1079 460 1105 ex
486 1072 585 1118 parte
614 1058 791 1105 satisfacit.
820 1073 918 1105 recte
946 1068 1042 1105 enim
1070 1068 1209 1104 monuit
1235 1067 1385 1105 Rothius
1418 1067 1537 1105 Tacito
1566 1073 1647 1105 anto
1679 1068 1804 1106 oculos
1824 1068 1935 1106 fuisse
1954 1067 2142 1106 Domitiani
2162 1068 2248 1106 illud
2268 1067 2440 1106 exitiabile
2465 1061 2468 1065 ⁴

164 1136 340 1168 secretum
370 1133 413 1179 (c.
441 1129 516 1180 29).
554 1143 663 1182 quare
691 1131 827 1181 accipio
857 1124 1035 1169 secretum
1064 1130 1276 1181 adjectivum
1305 1131 1445 1181 propria
1473 1131 1542 1169 loci
1571 1131 1839 1182 significatione,
1868 1138 1906 1170 ut
1932 1131 2021 1169 haec
2049 1132 2222 1170 efficiatur
2250 1132 2441 1170 sententia:

166 1206 229 1241 „so
263 1195 347 1234 dass
383 1206 465 1233 man
500 1194 559 1234 bei
595 1194 668 1234 ihm
705 1195 785 1234 eine
823 1194 1054 1247 abgesperrte
1093 1194 1452 1245 (menschenscheue)
1491 1194 1818 1234 verschlossenheit
1853 1195 1950 1234 nicht
1977 1209 2019 1234 zu
2047 1194 2211 1233 surchten
2240 1194 2443 1233 brauchte.“

161 1259 205 1294 cs.
233 1259 273 1295 A.
304 1258 366 1303 15,
395 1259 445 1296 56
472 1258 603 1296 Urbem
632 1260 752 1296 revisit
778 1260 978 1309 provincias
1008 1259 1162 1295 Orientis
1190 1261 1340 1295 maxime
1366 1260 1564 1308 Aegyptum
1594 1261 1805 1295 secretis
1835 1261 2141 1309 imaginationibus
2169 1261 2315 1308 agitans

349 1375 441 1433 Agr.
468 1375 528 1415 84.
573 1373 696 1422 Quinto
725 1376 974 1425 expeditionum
1001 1387 1087 1412 anno
1115 1387 1216 1412 nave
1239 1376 1354 1424 prima
1380 1362 1606 1424 transgressus
1633 1376 1763 1424 ignotas
1791 1377 1835 1412 ad
1860 1376 1898 1412 id
1918 1381 2048 1424 tempus
2064 1381 2178 1424 yentes
2197 1376 2321 1411 crebris
2340 1376 2443 1411 simul

160 1451 200 1475 ac
222 1440 412 1487 prosperis·
418 1440 561 1487 proeliis
588 1440 736 1482 domuit,·
763 1452 902 1488 eamque
923 1445 1057 1487 partem
1083 1439 1294 1482 Britanniae,
1323 1452 1408 1488 quae
1433 1439 1631 1476 Hiberniam
1658 1441 1794 1487 aspicit,
1828 1440 1934 1487 copiis
1962 1440 2124 1476 instruxit
2151 1440 2188 1476 in
2214 1451 2308 1486 spem
2333 1440 2443 1486 magis

161 1514 261 1552 quam
288 1503 327 1540 ob
351 1503 578 1552 formidinem.

351 1569 574 1610 Offendimur
609 1571 727 1610 verbis
764 1584 853 1610 nave
890 1572 1023 1623 prima,
1062 1583 1152 1622 quae
1187 1571 1269 1609 ferri
1305 1584 1376 1608 non
1405 1583 1513 1623 posse
1541 1571 1689 1608 Wexius
1717 1577 1815 1608 recte
1844 1571 2046 1617 contendit,
2083 1583 2202 1622 neque
2242 1571 2350 1608 tuitus
2388 1576 2444 1607 est

159 1634 313 1675 Kritzius
341 1636 481 1672 conlato
498 1635 686 1673 Horatiano
715 1636 774 1673 illo
803 1649 885 1673 cum
913 1636 1101 1672 hirundine
1130 1637 1241 1685 prima
1270 1637 1315 1672 ita
1345 1636 1536 1686 explicanS,
1564 1642 1603 1672 ut
1630 1636 1852 1685 significetur
1880 1648 1968 1672 nave
1997 1636 2108 1685 prima
2133 1636 2275 1672 aestatis
2295 1636 2442 1678 initium,

164 1712 255 1748 quae
286 1699 526 1749 interpretatio
554 1707 628 1737 tum
657 1700 801 1738 demum
830 1705 927 1738 recte
956 1713 996 1737 se
1025 1699 1189 1744 haberet,
1228 1699 1256 1737 si
1294 1713 1358 1749 per
1386 1698 1539 1737 hiemem
1569 1698 1628 1736 illo
1657 1699 1744 1736 mari
1773 1699 1918 1737 omnino
1947 1712 2019 1736 non
2048 1698 2281 1749 navigaretur.
2324 1696 2441 1736 Rothssi

161 1763 248 1812 ratio
285 1762 448 1814 accipere
481 1763 639 1813 jubentis
675 1775 764 1801 nave
802 1763 914 1814 prima
950 1768 1196 1814 transgressus
1232 1776 1274 1800 zu
1313 1762 1420 1800 schiff
1453 1763 1510 1800 die
1548 1762 1757 1800 vordersten
1794 1774 1949 1814 grenzen
1977 1762 2283 1807 iiberschreitend,
2312 1762 2441 1799 eodem

161 1828 307 1864 nomine
337 1834 392 1864 est
417 1828 667 1877 improbanda,
705 1841 776 1878 quo
804 1828 920 1865 Wexii
959 1828 1163 1877 conjectura
1200 1840 1288 1864 nave
1326 1829 1361 1864 in
1399 1828 1568 1877 proxima.
1623 1840 1705 1864 nam
1743 1840 1834 1876 quae
1869 1832 2068 1877 sequuntur
2095 1826 2201 1863 verba
2231 1827 2370 1876 ignotas
2398 1826 2441 1863 ad

162 1890 198 1928 id
225 1896 367 1941 tempus
395 1890 511 1928 crebis
541 1891 644 1928 simul
673 1905 714 1929 ac
742 1892 923 1942 prosperis
951 1891 1097 1942 proeliis
1117 1891 1253 1928 domuit
1273 1891 1527 1936 demonstrant,
1556 1903 1628 1928 non
1649 1891 1683 1927 in
1703 1890 1881 1940 proximas
1900 1895 2034 1927 tantum
2054 1890 2223 1940 regiones
2242 1889 2440 1940 Agricolam

162 1954 307 1992 duxisse
337 1955 530 1991 exercitum
559 1955 623 1992 sed
655 1956 757 1992 etiam
787 1957 822 1992 in
851 1962 977 2005 gentes
1006 1956 1183 2005 aliquanto
1211 1955 1432 1992 remotiores.
1488 1961 1670 2004 praeterea
1697 1955 1846 1991 Wexius
1883 1967 1955 1991 non
1995 1954 2118 1991 adtulit
2153 1954 2272 1998 locos,
2312 1953 2440 2002 quibus

162 2018 242 2056 navi
270 2017 468 2069 transgredi
498 2018 674 2056 exercitus
702 2017 839 2056 dicatur
864 2031 929 2069 pro
958 2018 1106 2056 navibus
1144 2024 1186 2062 t.‚
1233 2024 1268 2056 et
1306 2017 1403 2069 quod
1431 2018 1507 2068 ipse
1536 2017 1684 2055 Broterii
1719 2017 1957 2055 emendationi
1992 2017 2141 2068 objecit„
2180 2016 2214 2054 id
2252 2017 2286 2054 in
2325 2017 2441 2067 ipsum

163 2082 252 2119 etin
272 2081 439 2119 Rothium
460 2081 552 2119 cadit
571 2082 706 2127 „inanis
730 2082 824 2119 enim
853 2088 909 2119 est
935 2082 1056 2132 gloria,
1084 2095 1173 2119 nave
1203 2083 1379 2132 (primum)
1409 2082 1445 2118 in
1474 2082 1657 2132 regionem
1687 2081 1838 2131 aliquam
1868 2087 1901 2118 te
1930 2081 2082 2125 venisse,
2111 2082 2141 2118 si
2170 2074 2319 2117 eandem
2350 2086 2441 2117 terra

163 2146 261 2183 adire
297 2151 497 2196 potueras.“
554 2159 644 2196 quae
682 2147 775 2183 enim
814 2147 1005 2196 excogitari
1043 2152 1161 2196 potest
1198 2146 1303 2190 ratio,
1342 2158 1404 2182 cur
1431 2145 1613 2195 Agricola,
1653 2158 1733 2182 cum
1771 2145 1847 2181 sine
1887 2144 1957 2181 ullo
1991 2144 2111 2181 labore
2141 2150 2245 2193 atque
2275 2149 2441 2193 apparatu

163 2210 359 2247 exercitum
389 2211 545 2248 terrestri
574 2211 698 2248 itinere
726 2210 956 2248 transducere
985 2216 1118 2260 posset,
1146 2223 1254 2247 naves
1284 2211 1495 2247 contraxerit
1521 2209 1729 2255 aedificarit,
1777 2209 1905 2246 milites
1943 2209 2151 2258 imposuerit
2183 2207 2343 2245 hostibus
2372 2208 2443 2244 im-

161 2273 404 2323 pugnantibus
432 2274 646 2323 exposuerit,
676 2279 894 2311 commeatus
923 2274 1226 2323 supportationem
1256 2272 1489 2324 difficiliorem
1510 2273 1660 2310 fecerit?
1689 2273 1854 2309 nimirum
1885 2277 1945 2317 „ut
1970 2272 2181 2322 improvisus
2201 2272 2236 2308 in
2256 2271 2442 2307 Britannos

167 2336 361 2374 incideret“
397 2337 445 2374 ait
479 2337 637 2374 Kritzius.
694 2343 729 2374 at
765 2349 872 2374 naves
910 2337 1087 2374 aedificari
1124 2337 1347 2386 classemque
1385 2337 1465 2386 cogi
1504 2349 1577 2373 non
1615 2336 1827 2373 audierunt?
1870 2342 2052 2385 praeterea
2092 2347 2122 2372 c.
2159 2334 2209 2371 25
2248 2334 2292 2370 de
2328 2333 2441 2369 classe

162 2400 367 2450 pedestrem
395 2401 586 2437 exercitum
615 2406 789 2450 sequente
818 2407 854 2437 et
881 2401 1068 2450 adjuvante
1097 2406 1188 2436 tanta
1218 2413 1299 2436 cum
1327 2400 1557 2436 admiratione
1586 2400 1741 2448 loquitur
1768 2399 1924 2441 Tacitus,
1954 2405 1991 2435 ut
2018 2399 2073 2435 vix
2104 2399 2149 2435 sit
2177 2397 2345 2434 credibile
2375 2396 2441 2433 iam

163 2476 257 2501 anno
294 2470 374 2501 ante
412 2477 489 2501 eam
527 2477 608 2502 esse
646 2463 857 2502 adhibitiam.
914 2464 1031 2514 itaque
1068 2464 1252 2501 verissime
1288 2463 1454 2514 suspicati
1490 2468 1573 2500 sunt
1599 2462 1781 2500 Beckerus
1810 2467 1845 2500 et
1872 2461 2137 2512 Peerlkampius
2166 2473 2238 2498 non
2268 2460 2302 2497 in
2331 2459 2442 2510 prima

163 2526 336 2566 vocabulo
365 2540 447 2566 esse
476 2534 628 2566 erratum
658 2527 720 2566 sed
750 2528 785 2565 in
814 2540 913 2566 nave.
970 2528 1107 2566 accedit
1140 2527 1183 2565 ad
1218 2540 1278 2565 eas
1313 2540 1402 2578 quas
1431 2526 1559 2577 protuli
1588 2527 1692 2564 etiam
1721 2526 1785 2564 alia
1814 2538 1930 2564 causa.
1987 2538 2092 2576 quam
2121 2525 2215 2563 enim
2244 2524 2442 2562 Britanniae

163 2598 298 2642 partem
326 2592 490 2642 Agricola
519 2593 630 2642 copiis
658 2593 846 2630 instruxit?
875 2605 918 2629 an
949 2605 1037 2636 eam,
1067 2605 1172 2642 quam
1202 2593 1321 2641 quinta
1351 2592 1577 2641 expeditione
1606 2591 1808 2641 provinciae
1838 2590 1993 2640 adjecit?
2021 2596 2056 2627 at
2083 2602 2154 2627 non
2184 2596 2238 2627 est
2265 2588 2443 2633 credibile,

164 2655 199 2692 in
227 2655 427 2694 Hiberniam
466 2668 508 2694 ex
546 2656 823 2706 septemtrionali
853 2656 988 2694 insulae
1017 2661 1115 2706 parte
1145 2668 1226 2693 euni
1256 2655 1366 2693 fuisse
1395 2655 1638 2705 trajecturum,
1676 2667 1811 2705 neque,
1850 2654 1886 2691 id
1919 2654 1949 2692 si
1984 2653 2183 2705 significare
2221 2652 2336 2698 vellet,
2372 2658 2442 2689 tam

165 2731 256 2769 quae
284 2718 323 2756 H.
352 2720 477 2769 aspicit
504 2719 651 2757 dixisset
676 2719 818 2757 Tacitus
853 2732 958 2769 quam
994 2732 1084 2769 quae
1114 2719 1152 2756 H.
1182 2720 1366 2769 aspiceret.
1423 2731 1531 2769 quare
1561 2719 1648 2755 duas
1677 2719 1712 2755 in
1741 2719 1899 2755 diversas
1929 2719 2063 2755 insulae
2092 2718 2260 2767 regiones
2291 2715 2443 2765 expedi-

163 2784 280 2821 tiones
308 2790 394 2834 puto
424 2784 633 2834 significari,
671 2797 777 2821 unam
807 2784 1102 2834 septemtrionem
1129 2797 1274 2828 versus,
1312 2783 1456 2821 alteram
1494 2783 1528 2820 in
1558 2781 1773 2820 Ordovicum
1810 2782 1865 2821 vel
1899 2781 2047 2832 alicujus
2080 2780 2135 2819 his
2164 2781 2299 2819 vicinae
2329 2778 2445 2830 gentis

164 2847 275 2892 fines;
305 2848 348 2884 cf.
364 2847 630 2892 Doederlinum,
659 2848 719 2897 qui
746 2847 952 2884 Cornwallis
981 2860 1086 2897 quam
1115 2860 1213 2884 nunc
1241 2848 1391 2883 dicimus
1421 2847 1590 2896 intelligit,
1619 2853 1655 2883 et
1683 2860 1773 2896 quae
1803 2846 1848 2883 de
1873 2846 2001 2895 Usipiis
2031 2859 2060 2882 c.
2085 2844 2135 2882 28
2165 2844 2333 2893 suspicati
2363 2847 2446 2879 sunt

164 2910 345 2949 Broterius
373 2917 409 2949 et
435 2911 593 2949 Wexius.
650 2924 718 2961 qua
747 2912 781 2948 in
811 2924 849 2949 re
878 2911 949 2949 noli
979 2911 1112 2948 offendi
1142 2924 1229 2961 que
1258 2911 1437 2961 particula,
1467 2923 1533 2961 qua
1563 2911 1769 2961 saepissime
1799 2923 1857 2948 res
1886 2910 2053 2955 diversas,
2083 2922 2173 2960 quae
2203 2907 2319 2957 aliquo
2351 2918 2444 2943 con-

163 2974 341 3011 tineantur
367 2975 510 3011 vinculo
539 2974 572 3011 h.
600 2975 621 3011 1.
651 2987 695 3011 eo
724 2975 822 3024 quod
850 2987 919 3011 una
949 2981 1080 3011 aestate
1111 2980 1232 3024 gestae
1262 2980 1353 3017 sunt,
1379 2975 1480 3023 jungi
1510 2981 1632 3010 notum
1661 2980 1727 3017 est,
1757 2975 1799 3010 cf.
1824 2973 2067 3023 Naegelsbach
2097 2974 2152 3009 lat.
2173 2972 2239 3008 stil.
2260 2970 2290 3021 ἓ.
2314 2970 2398 3013 195,
2419 2969 2442 3006 2

165 3050 198 3088 p.
227 3037 314 3076 541.
370 3043 467 3075 recte
506 3039 612 3089 igitur
648 3051 687 3076 se
725 3037 832 3076 habet
867 3038 974 3083 ratio,
1013 3051 1082 3088 qua
1119 3038 1215 3075 ducti
1243 3037 1424 3075 Beckerus
1462 3044 1498 3074 et
1524 3037 1789 3088 Peerlkampius
1826 3037 1961 3086 majore
1998 3035 2169 3085 temporis
2206 3030 2444 3084 spati0⁴⁴opus

166 3101 281 3139 fuisse
311 3108 531 3139 censuerunt
556 3107 591 3139 et
618 3113 683 3152 pro
711 3113 800 3139 nave
829 3101 917 3139 alter
944 3114 1057 3139 vere
1087 3102 1174 3139 alter
1201 3106 1386 3139 aestate
1407 3101 1648 3151 conjecerunt.
1681 3100 1777 3151 quod
1799 3101 1893 3137 enim
1915 3105 2036 3136 contra
2057 3099 2221 3136 dixerunt
2240 3098 2445 3135 Waltherus

167 3172 202 3203 et
222 3165 371 3202 Wexius
399 3166 591 3203 dicendum
621 3166 731 3203 fuisse
761 3166 874 3216 primo
903 3178 986 3203 vere
1016 3179 1088 3203 non
1117 3178 1199 3203 vere
1229 3167 1352 3215 primo,
1382 3165 1552 3203 refellitur
1579 3165 1698 3202 multis
1727 3165 1815 3201 locis
1843 3171 1879 3201 et
1897 3163 2005 3200 Taciti
2033 3170 2069 3201 et
2087 3163 2244 3200 aliorum.
2272 3163 2311 3199 A.
2335 3161 2368 3206 1,
2395 3159 2444 3198 22

165 3237 272 3268 nocte
300 3230 468 3280 proxima.
524 3229 554 3267 H
582 3229 617 3275 2,
638 3230 671 3268 7.
700 3229 735 3276 2,
757 3229 819 3269 49.
848 3229 883 3276 3,
904 3229 937 3268 6.
967 3229 1002 3275 3,
1030 3229 1088 3268 70.
1117 3230 1198 3268 luce
1235 3230 1358 3280 prima.
1393 3229 1423 3267 H
1453 3229 1486 3275 1,
1511 3228 1559 3268 57
1591 3229 1648 3268 die
1686 3229 1856 3280 proximo.
1913 3228 1946 3268 in
1985 3226 2145 3266 Caesaris
2183 3224 2446 3265 commentariis

166 3292 274 3333 multa
302 3293 478 3346 ejusmodi
507 3293 667 3346 exempla
696 3299 779 3333 sunt
807 3293 929 3333 obvia:
968 3293 1065 3333 horis
1101 3293 1280 3346 quinque,
1319 3292 1446 3332 diebus
1483 3293 1634 3345 aliquot,
1672 3292 1749 3331 dies
1787 3292 2009 3345 complures,
2046 3291 2133 3330 hora
2170 3291 2327 3336 decima,
2364 3289 2445 3327 luce

0 3464 72 3500 Γ
194 3480 197 3481 7
