2651 3500
1270 69 1322 109 13
1457 85 1493 128 ἐξ

159 166 290 254 prima,
328 201 445 241 triduo
480 199 642 252 proximo
678 198 721 237 al.
777 204 813 237 et
847 199 960 250 magis
997 210 1103 250 quam
1138 197 1354 236 Beckeriaua
1391 197 1510 249 placet
1535 198 1769 250 Peerlkampii
1805 199 2008 237 emendatio
2034 203 2243 250 propterea,
2271 199 2370 251 quod
2396 199 2436 238 ‘-

160 263 504 319 septentrionalibus
531 262 730 301 Britanniae
757 262 913 314 partibus
940 267 1013 301 non
1041 262 1087 300 ita
1114 267 1250 300 mature
1277 273 1320 300 ea
1346 261 1523 300 frumenti¹
1541 274 1583 300 ac
1609 262 1728 314 pabuli
1756 263 1857 314 copia
1885 268 1958 309 est,
1995 274 2065 314 qua
2089 262 2212 314 ⁴primo
2244 263 2323 314 jum
2349 267 2436 303 vm

161 331 337 369 exercitus
365 332 592 366 sustentetur.

349 436 441 485 Agr.
458 434 518 474 88.
552 434 661 483 Usipii
687 439 755 471 tres
781 434 963 471 liburnicas
990 434 1116 471 adactis
1139 445 1204 482 per
1228 434 1297 470 vim
1319 433 1597 481 gubernatoribus
1624 434 1818 470 ascendere:
1845 439 1876 470 et
1904 445 1968 470 uno
1997 434 2250 482 remigante
2274 434 2438 483 maspedis

162 503 288 540 duobus
315 512 417 549 eoque
442 499 625 548 intersectis
651 499 798 535 nondum
824 498 957 546 vulgato
984 509 1120 535 rumore
1145 502 1183 534 ut
1208 496 1410 534 miraculum
1430 498 1724 545 praevehebantur.
1753 510 1850 534 mox
1876 498 1930 534 ad
1955 498 2081 547 aqud.
2108 496 2251 547 Atque
2273 503 2322 535 ut
2347 497 2406 536 ill
2414 510 2437 536 ι

164 564 315 613 raptis
342 575 488 601 accam
510 563 681 611 plerisque
706 561 950 599 Britannorum
976 573 1039 599 sua
1065 561 1307 610 defensantium
1330 561 1460 609 proelio
1488 562 1655 610 congressi
1681 567 1740 599 cet.

351 630 628 688 Remigante
657 649 674 673 a
703 635 821 673 Tacito
856 648 928 673 non
964 648 1045 673 esse
1074 635 1262 685 scriptum,
1298 634 1415 672 Kritzii
1450 634 1613 673 defensio
1651 635 1815 673 ostendit.
1871 636 2043 686 remigare
2080 636 2127 673 ait
2161 635 2285 674 latiore
2323 648 2436 675 sensu

162 702 360 753 significare
389 701 544 751 remiges
580 700 757 737 moderari
794 705 830 737 et
857 699 1021 736 consulto
1050 711 1132 736 esse
1160 698 1315 748 positum
1343 704 1541 749 propterea,
1570 699 1667 749 quod
1696 706 1768 736 tres
1796 699 2007 744 liburnicae,
2044 699 2174 749 quibus
2202 712 2294 738 unus
2321 699 2434 738 modo

162 766 377 817 gubernator
403 769 518 811 esset,
551 764 648 815 justo
686 768 722 801 et
759 769 932 802 consueto
967 762 1075 800 modo
1113 762 1301 814 gubernari
1337 775 1410 800 nou
1443 763 1630 813 potuerint
1685 769 1720 800 at
1746 768 1821 800 tum
1848 762 1883 800 id
1913 763 2028 813 ipsum
2057 763 2184 801 fuisset
2209 763 2433 810 miraculum,

163 836 234 867 tres
262 842 371 867 naves
399 829 442 866 ab
471 841 543 866 uno
572 840 653 865 esse
683 828 894 878 gubernatas
928 827 1036 877 idque
1073 832 1194 876 aperte
1222 839 1295 863 non
1323 839 1388 876 per
1414 826 1582 877 ambages
1611 833 1686 864 erat
1713 827 1904 864 dicendum
1923 828 1959 863 in
1979 827 2101 877 primis
2120 827 2163 864 ab
2183 839 2228 864 eo
2249 827 2437 878 scriptore,

163 906 270 943 quem
299 905 424 930 omnes
453 905 494 929 ea
521 891 626 928 laude
654 891 834 936 extollunt,
864 890 961 940 quod
990 890 1149 940 quamvis
1176 889 1383 939 longissime
1411 890 1502 927 absit
1528 890 1572 926 ab
1602 890 1759 927 ubertate
1779 890 1863 927 Livii
1888 897 1923 927 et
1941 903 1960 927 a
1980 891 2229 940 perspicuitate
2250 889 2436 928 Ciceronis

167 969 378 1007 „numquam
431 955 476 993 sit
524 954 656 1005 ingenii
706 954 858 992 acumini
907 953 1216 1004 impenetrabilis.“
1263 965 1372 1003 quare
1423 953 1464 991 ad
1509 953 1747 1003 conjecturam
1791 959 1845 991 est
1886 953 2176 1005 confugiendum.
2238 954 2334 992 unde
2375 954 2438 1006 qui

162 1022 279 1058 lucem
308 1019 515 1057 adferebant
546 1019 627 1056 loco
663 1019 851 1056 obscurato
886 1019 920 1055 in
955 1018 1042 1055 duas
1070 1018 1292 1068 potissimum
1320 1023 1437 1067 partes
1466 1017 1719 1055 discesserunt.
1774 1017 1873 1055 alteri
1900 1019 1995 1055 enim
2024 1031 2106 1056 eum
2135 1019 2254 1056 inesse
2284 1031 2434 1056 sensum

165 1084 349 1135 putabant,
389 1089 428 1121 ut
462 1096 572 1121 unum
610 1082 885 1133 gubernatorum
923 1081 1060 1119 cohorti
1096 1081 1268 1132 profugae
1302 1081 1337 1118 in
1365 1081 1580 1119 voluntatem
1610 1081 1854 1126 concessisse,
1892 1082 1989 1119 alteri
2017 1088 2056 1119 ut
2083 1088 2205 1120 contra
2232 1081 2435 1133 Usipiorum

163 1148 378 1184 voluntatem
406 1147 588 1197 aufugisse
617 1146 884 1197 significaretur.
923 1147 1040 1195 itaque
1073 1146 1171 1183 alteri
1198 1145 1435 1195 morigerante
1464 1145 1562 1183 alteri
1590 1146 1804 1195 remigrante
1833 1146 2058 1196 renavigante
2086 1147 2162 1184 sim.
2192 1147 2436 1196 conjecerunt.

164 1224 315 1262 quorum
335 1211 469 1250 neutris
489 1210 662 1249 concedo,
691 1223 843 1261 namque
869 1209 1003 1249 nullum
1031 1209 1066 1248 in
1094 1208 1241 1248 navibus
1270 1208 1380 1248 fuisse
1410 1208 1684 1261 gubernatorem
1712 1209 1829 1248 verbis
1857 1210 2050 1248 amissis
2078 1223 2161 1262 per
2188 1211 2435 1250 inscitiam

166 1275 364 1325 regendi
393 1274 593 1311 navibus
621 1274 855 1311 demonstrari
879 1274 951 1324 jam
980 1273 1117 1323 pridem
1144 1273 1348 1310 Waltherus
1376 1273 1470 1318 vidit,
1497 1274 1590 1323 quae
1620 1274 1665 1309 ita
1694 1279 1776 1309 sunt
1803 1274 1904 1317 dicta,
1934 1280 1972 1310 ut
1998 1274 2113 1310 Kritzii
2143 1275 2317 1311 sententia
2344 1275 2437 1311 duas

166 1339 239 1375 illas
269 1351 350 1375 esse
387 1350 506 1382 naves
536 1351 684 1386 quarum
714 1338 969 1386 gubernatores
998 1338 1107 1374 occisi
1135 1344 1236 1381 sunt,
1264 1337 1445 1374 refutetur.
1502 1343 1617 1373 narrat
1645 1338 1739 1373 enim
1767 1337 1906 1374 Tacitus
1935 1338 2191 1375 circumvectos
2220 1337 2435 1375 Britanniam

164 1402 301 1439 amissis
338 1414 403 1451 per
439 1401 610 1439 inscitiam
648 1400 795 1451 regendi
829 1400 976 1438 navibus
1004 1413 1067 1451 pro
1096 1399 1335 1451 praedonibus
1363 1398 1501 1437 habitos
1529 1399 1680 1450 primum
1710 1413 1728 1438 a
1758 1399 1883 1438 Suevis
1912 1414 1993 1438 mox
2021 1414 2040 1438 a
2068 1400 2187 1439 Frisiis
2215 1401 2434 1452 interceptos

164 1477 256 1502 esse.
313 1465 342 1502 si
379 1465 470 1501 duae
508 1470 641 1501 tantum
677 1465 755 1501 illae
792 1477 900 1501 naves
936 1465 1086 1501 amissae
1125 1469 1222 1509 sunt,
1251 1464 1310 1513 qui
1339 1464 1469 1500 factum
1497 1469 1570 1507 est,
1609 1470 1647 1500 ut
1674 1465 1795 1500 tertiae
1824 1465 1923 1500 navis
1950 1464 2133 1509 homines,
2175 1477 2281 1514 quam
2314 1465 2434 1513 justus

165 1529 378 1578 gubernator
405 1534 565 1578 regeret,
603 1528 899 1577 interciperentur
926 1541 945 1565 a
973 1527 1155 1565 Germanis
1183 1527 1385 1565 hominibus
1413 1527 1600 1577 navigandi
1630 1534 1725 1565 certe
1755 1529 1934 1577 imperitis.
1991 1518 2053 1565 cur
2081 1541 2152 1565 non
2182 1535 2220 1565 ut
2247 1534 2321 1566 tum
2350 1541 2432 1566 cum

164 1579 375 1631 Britanniam
406 1592 631 1630 circumvecti
669 1597 752 1630 sunt
787 1592 821 1630 in
859 1605 985 1630 navem
1019 1591 1267 1642 confugientes
1297 1604 1336 1629 se
1365 1590 1639 1629 subtraxerunt?
1677 1591 1843 1642 equidem
1880 1592 1925 1630 ita
1963 1592 2069 1630 verba
2106 1604 2187 1630 esse
2225 1592 2433 1643 accipienda

164 1661 267 1705 puto,
306 1661 343 1692 ut
379 1656 533 1693 tradatur
559 1655 699 1706 Usipios
734 1656 872 1693 amissis
902 1656 1066 1692 omnibus
1094 1655 1242 1692 navibus
1269 1660 1398 1692 terram
1426 1656 1571 1705 petiisse
1601 1661 1636 1692 et
1663 1668 1682 1692 a
1711 1655 1837 1692 Suevis
1866 1669 1947 1692 mox
1975 1669 1994 1692 a
2022 1656 2141 1693 Frisiis
2169 1656 2263 1693 bello
2291 1656 2432 1706 petitoS,

165 1733 245 1755 cum
275 1720 319 1756 ad
348 1733 455 1757 naves
485 1733 565 1756 sese
594 1733 666 1756 non
695 1726 844 1769 possent
871 1721 1041 1769 recipere,
1070 1732 1151 1756 esse
1180 1720 1406 1768 interceptos.
1441 1732 1509 1756 nec
1537 1721 1654 1756 minus
1684 1726 1849 1769 suspecta
1877 1727 1932 1757 est
1959 1720 2065 1757 altera
2094 1720 2307 1757 emendandi
2335 1721 2434 1757 ratio.

164 1782 248 1833 quid
277 1783 398 1821 enim?
426 1783 564 1829 milites,
593 1784 652 1835 qui
682 1784 716 1821 in
746 1783 870 1822 eadem
899 1797 986 1821 nave
1016 1797 1096 1822 cum
1124 1782 1183 1821 illo
1213 1783 1448 1834 gubernatore
1478 1790 1586 1828 erant,
1616 1796 1697 1822 esse
1726 1796 1852 1834 passos
1881 1790 1918 1821 ut
1945 1783 2156 1832 aufugeret?
2185 1783 2340 1835 denique
2360 1796 2432 1834 quo

164 1847 277 1896 fugit?
307 1848 335 1883 si
364 1847 407 1883 ad
436 1847 616 1884 Romanos
645 1848 756 1892 rediit,
786 1860 858 1884 non
887 1848 1030 1884 demum
1058 1848 1167 1885 multo
1196 1854 1278 1897 post
1311 1848 1401 1884 sama
1429 1848 1473 1884 ad
1502 1848 1611 1897 ripam
1639 1848 1753 1884 Rheni
1782 1849 2075 1884 venumdatorum
2105 1849 2149 1885 de
2179 1848 2319 1885 illorum
2348 1861 2434 1885 casu

164 1911 311 1947 edoctus
341 1916 395 1948 est
422 1911 593 1961 Agricola.
637 1912 690 1948 sin
720 1924 845 1948 navem
873 1912 992 1948 insciis
1020 1911 1148 1961 Usipiis
1176 1912 1221 1948 ita
1249 1912 1348 1956 rexit,
1377 1917 1414 1948 ut
1440 1911 1695 1949 reveherentur
1723 1912 1766 1948 ad
1795 1911 1985 1957 Romanos,
2014 1919 2072 1949 aut
2099 1925 2273 1962 prospero
2303 1917 2433 1949 eventu

164 1986 288 2009 navem
317 1980 351 2010 et
379 1974 550 2024 profugos
571 1974 697 2011 milites
720 1975 868 2018 reduxit,
895 1981 954 2011 aut
972 1980 996 2011 a'
1010 1975 1138 2011 militus
1157 1975 1262 2019 iratis,
1282 1975 1342 2011 ubi
1362 1975 1512 2024 primum
1534 1988 1573 2011 se
1595 1976 1665 2011 falli
1687 1975 1943 2019 intellexerunt,
1964 1982 2019 2012 est
2038 1976 2255 2012 interfectus.
2285 1987 2435 2025 quarum

164 2050 280 2073 rerum
318 2044 441 2074 neutra
479 2051 497 2075 a
532 2039 703 2088 scriptore
732 2039 886 2076 traditur.
942 2038 1005 2083 has
1034 2038 1257 2075 difficultates
1286 2045 1324 2076 ut
1352 2038 1581 2088 effugiamus,
1610 2039 1760 2088 primum
1790 2045 1846 2076 est
1873 2039 2066 2076 tenendum
2096 2045 2180 2084 tum,
2209 2052 2291 2076 cum
2320 2040 2436 2076 inter-

163 2100 363 2149 ciperentur
382 2113 500 2147 naves,
529 2102 564 2138 in
593 2102 644 2139 eis
674 2102 945 2153 gubernatorem
974 2115 1045 2139 non
1075 2102 1195 2147 fuisse,
1224 2102 1353 2139 deinde
1382 2102 1511 2139 milites
1539 2115 1611 2139 non
1640 2103 1750 2139 fuisse
1779 2114 1961 2152 passuros,
1991 2104 2020 2139 si
2049 2103 2083 2140 in
2111 2103 2187 2153 ipsa
2211 2103 2435 2154 navigatione

166 2164 282 2213 fugam
312 2169 491 2203 tentasset.
521 2166 564 2202 ad
585 2166 669 2216 quid
698 2179 741 2203 eo
772 2166 901 2203 factum
930 2167 1010 2203 est?
1039 2166 1244 2204 interfectus
1273 2172 1328 2203 est
1356 2179 1435 2203 cum
1465 2167 1592 2204 ceteris
1621 2167 1771 2204 duobus.
1800 2179 1918 2217 neque
1943 2179 2011 2217 qua
2040 2167 2084 2204 de
2114 2179 2219 2204 causa
2248 2168 2292 2204 sit
2321 2167 2436 2204 inter—

165 2229 277 2263 fectus
298 2229 443 2265 dubium
464 2243 545 2266 esse
566 2230 681 2266 debet.
712 2231 824 2279 majus
845 2232 938 2266 enim
959 2231 1100 2279 aliquod
1121 2231 1256 2267 facinus
1276 2232 1420 2267 tentavit
1439 2244 1544 2280 quam
1564 2231 1634 2267 duo
1654 2231 1710 2275 illi,
1741 2232 1799 2279 qui
1820 2237 1953 2268 tantum
1974 2232 2129 2280 suspecti
2158 2237 2268 2275 erant,
2297 2244 2436 2280 negans

164 2304 202 2328 se
232 2291 408 2328 seditiosis
438 2305 518 2328 esse
549 2293 882 2342 obtemperaturum.
939 2294 997 2342 qui
1036 2305 1166 2330 sensus
1206 2297 1284 2330 cum
1320 2294 1353 2330 in
1384 2294 1587 2343 conjectura
1617 2300 1650 2330 et
1679 2307 1749 2330 uno
1779 2295 2073 2344 remigrante
2103 2294 2170 2330 nisi
2199 2294 2242 2331 ab
2272 2307 2337 2338 eo,
2375 2295 2435 2344 qui

167 2354 316 2392 ludibrio
346 2355 403 2392 illo
432 2356 628 2405 praesentis
658 2362 817 2393 conatam
846 2369 920 2394 rem
950 2357 1148 2394 denotantis
1177 2357 1380 2401 delectetur,
1411 2357 1556 2394 inveniri
1592 2370 1662 2394 non
1702 2358 1834 2407 possit,
1872 2358 2088 2395 restituenda
2127 2363 2182 2394 est
2219 2370 2304 2402 vox,
2343 2370 2435 2408 quae

165 2419 315 2466 negandi
336 2418 462 2456 habeat
480 2419 559 2455 vim.
582 2426 617 2456 et
638 2420 666 2456 si
687 2421 730 2456 ad
750 2420 856 2457 Taciti
878 2421 1018 2457 dicendi
1038 2433 1140 2457 usum
1171 2427 1322 2470 spectes,
1351 2421 1588 2457 abnuente
1617 2421 1779 2470 placebit,
1809 2422 1863 2457 sin
1884 2421 1927 2457 ad
1946 2422 2138 2458 litterarum
2158 2421 2436 2466 similitudinem,

166 2482 237 2516 veri
266 2483 478 2520 simillimum
500 2484 674 2520 videbitur
692 2484 849 2521 Tacitum
879 2485 1065 2533 scripsisse
1094 2485 1362 2533 denegante
1391 2484 1429 2521 A.
1452 2484 1510 2528 15,
1531 2484 1579 2522 62
1610 2485 1668 2521 Ille
1698 2486 1877 2522 interritus
1906 2486 2020 2534 poscit
2050 2487 2249 2522 testamenti
2278 2486 2433 2522 tabulas:

163 2556 202 2579 ac
232 2544 502 2596 denegante
533 2548 740 2586 centurione
769 2561 964 2586 conversus
993 2548 1035 2586 ad
1065 2549 1197 2586 amicos
1226 2579 1233 2585 .
1264 2579 1270 2585 .
1300 2554 1454 2586 testatur.
1512 2548 1555 2586 cf.
1586 2548 1681 2586 Suet.
1712 2548 1811 2586 Caes.
1844 2548 1875 2586 1.
1906 2548 1975 2586 Cal.
2006 2548 2066 2587 ⁶23.
2096 2550 2213 2599 itaque
2241 2549 2436 2600 legendum

163 2620 243 2644 esse
273 2616 378 2657 puto:
409 2616 455 2649 *et
482 2624 554 2648 uno
584 2612 853 2662 denegante
891 2613 1067 2662 suspectis
1097 2613 1235 2649 duobus
1265 2625 1380 2662 eoque
1410 2614 1604 2649 interfectis
1635 2643 1641 2649 .
1673 2643 1678 2648 .
1710 2613 2024 2662 praevehebantur.
2081 2627 2152 2663 quo
2182 2615 2216 2650 in
2247 2615 2436 2651 enunciato

163 2671 253 2709 duae
273 2685 331 2709 res
356 2681 557 2723 supersunt,
587 2682 731 2726 propter
755 2689 842 2726 quas
871 2676 915 2714 de
945 2677 1192 2714 emendatione
1222 2677 1371 2721 dubites,
1401 2678 1620 2727 participium
1651 2677 1848 2727 praesentis
1878 2678 2048 2727 temporis
2077 2684 2113 2715 et
2140 2691 2227 2727 que
2256 2678 2435 2727 particula.

164 2734 227 2772 sed
255 2747 320 2786 per
347 2749 416 2787 que
445 2738 649 2787 particulam
677 2739 771 2777 haud
800 2752 877 2777 raro
906 2740 1045 2777 Tacitus
1073 2740 1251 2791 participia
1276 2740 1372 2790 juxta
1401 2741 1509 2791 ponit,
1539 2753 1687 2791 quarum
1717 2740 1881 2777 condicio
1911 2753 1949 2777 re
1969 2753 2050 2778 vera
2071 2753 2112 2778 ea
2133 2747 2198 2787 est,
2227 2746 2265 2778 ut
2283 2740 2435 2779 alterum

163 2801 261 2837 alteri
299 2801 464 2851 subjungi
501 2802 629 2839 debeat
656 2805 897 2854 explicationis
936 2818 1059 2849 causa,
1095 2806 1175 2842 vide
1210 2818 1300 2854 quae
1328 2806 1505 2841 adnotavit
1532 2806 1767 2855 Nipperdeius
1805 2806 1848 2842 ad
1876 2806 1915 2842 A.
1945 2806 1979 2850 3,
2000 2806 2060 2842 11.
2090 2813 2126 2843 et
2161 2807 2323 2856 exempla
2360 2807 2437 2844 fere

163 2863 324 2912 ejusdem
353 2865 505 2914 generiS,
535 2878 626 2915 quae
654 2867 749 2904 idem
769 2867 1006 2918 Nipperdeius
1034 2868 1217 2919 proposuit
1244 2868 1282 2904 A.
1309 2868 1341 2912 1,
1362 2868 1423 2905 55.
1454 2868 1512 2913 14,
1539 2868 1600 2905 47.
1630 2867 1845 2905 Graecorum
1875 2869 2026 2906 similem
2051 2868 2230 2906 licentiam
2259 2869 2437 2921 intelliges

164 2928 278 2972 exiis,
299 2941 389 2978 quae
409 2928 591 2979 Kriigerus
611 2930 801 2980 disputavit
818 2931 972 2981 Thucyd.
1004 2932 1036 2977 1,
1056 2932 1115 2978 61,
1136 2932 1170 2969 5.
1200 2938 1255 2969 est
1281 2938 1398 2969 autem
1426 2937 1548 2969 noster
1575 2932 1677 2970 locus
1706 2934 1751 2969 ita
1780 2933 2004 2978 constitutus,
2032 2940 2071 2970 ut
2097 2933 2239 2983 vulgato
2269 2945 2437 2972 sermone

163 2988 352 3028 dicendum
382 2992 505 3029 suerit:
544 2998 580 3029 et
616 3006 687 3030 uno
725 2995 806 3044 quia
844 2995 1061 3045 denegabat,
1100 2995 1239 3032 duobus
1277 2996 1356 3045 quia
1395 2997 1551 3045 suspecti
1580 3002 1679 3032 erant
1707 2996 1912 3041 interfectis,
1941 2996 2256 3046 praevehebantur.
2312 3009 2437 3033 verum

163 3052 266 3089 etiam
294 3067 390 3092 nunc
419 3057 633 3093 offendimur
659 3058 842 3107 participio
871 3060 1068 3107 praesentis
1096 3060 1265 3108 temporis
1294 3059 1583 3109 denegante,
1613 3060 1714 3108 cujus
1744 3060 1824 3097 loco
1854 3060 2075 3109 participium
2096 3060 2244 3109 perfecti
2264 3061 2437 3110 temporis

162 3114 246 3163 poni
283 3116 453 3164 debebat,
500 3119 647 3158 simulac
693 3120 880 3173 denegatio
928 3121 1172 3173 gubernatoris
1217 3124 1255 3159 ἐκ
1290 3121 1522 3172 παραλλήλου
1560 3128 1615 3161 est
1651 3123 1764 3173 posita
1804 3136 1884 3160 cum
1921 3123 2165 3161 trucidatione.
2220 3128 2255 3162 at
2291 3122 2440 3162 effertur

161 3178 349 3229 denegatio
378 3185 557 3238 praesenti
586 3191 768 3236 tempore,
806 3198 847 3223 ac
875 3187 905 3223 si
934 3186 1066 3223 omisso
1096 3199 1246 3238 eoque
1276 3193 1314 3225 ut
1341 3187 1591 3225 secundarium
1621 3187 1810 3225 adderetur
1837 3188 2003 3238 primario
2032 3188 2204 3233 membro,
2233 3200 2305 3239 quo
2339 3188 2438 3239 quod

161 3243 289 3280 eodem
309 3247 427 3283 evenit
445 3252 606 3297 tempore
626 3251 835 3287 continetur.
865 3251 908 3287 ef.
927 3251 966 3287 A.
989 3251 1047 3294 14,
1069 3250 1117 3287 15
1137 3251 1344 3289 Postremus
1364 3253 1440 3302 ipse
1462 3265 1605 3289 scenam
1626 3253 1766 3296 incedit,
1787 3252 1894 3288 multa
1913 3265 1997 3289 cura
2016 3259 2193 3302 temptans
2215 3252 2383 3290 citharam
2402 3259 2441 3290 et

161 3308 525 3356 praemeditans
553 3313 906 3353 assistentibus
933 3313 1204 3365 phonascis.
1259 3315 1523 3367 quodammodo
1562 3315 1675 3354 simile
1714 3322 1769 3354 est
1806 3315 2008 3366 exemplum
2042 3315 2081 3355 A.
2112 3315 2216 3363 14,5
2244 3315 2438 3368 Agrippina

2181 3379 2207 3417 4
