2651 3500
101 84 110 102 ι
229 61 235 73 ²
1125 94 1128 96 Α
1315 71 1401 137 u—

200 206 238 241 et
262 201 503 255 longinquitas
533 201 724 253 regionum
761 200 1002 246 indicebatur,
1038 207 1078 238 ut
1112 200 1269 239 civitates
1305 201 1476 251 proximis
1512 199 1670 238 bibernis
1706 201 1742 238 in
1775 206 1911 238 remota
1937 205 1975 238 et
2000 201 2076 238 avia
2105 197 2299 249 defen-eut)
2325 212 2390 238 vor
2414 195 2509 240 ὅ.
2548 181 2651 234 ἓ”5’

200 265 427 305 roemischen
455 265 643 303 sebeunen
671 263 843 316 gebracht
867 263 1007 310 hatten,
1035 264 1188 303 wurden
1211 264 1397 303 dieselben
1424 259 1591 315 tagelang
1616 262 1715 303 nicht
1741 262 1919 315 getfflnet,
1955 263 2116 302 sondern
2142 263 2196 302 sie
2222 268 2386 302 mutatui
2406 274 2477 303 πε
2527 277 2529 280 ⁴

201 328 273 368 den
299 327 601 367 verschlossenen
628 326 814 366 scheunen
841 327 1000 366 wartend
1023 328 1135 366 sitzen
1157 326 1254 366 ihrer
1275 327 1677 378 widerstandslosigkeit
1697 339 1825 378 wegen
1849 327 2048 378 ungestratt
2064 325 2273 365 verhoehnt.
2300 325 2475 365 hiemet·

201 391 461 444 abgescbreckt
487 391 631 429 kausten
660 392 712 429 sie
740 391 811 429 den
838 403 1006 429 roemern
1033 404 1078 429 an
1106 396 1163 429 ort
1188 391 1263 430 und
1290 390 1393 428 stelle
1420 391 1484 427 das
1511 390 1774 428 abzuliefernde
1803 390 1963 440 getreide
1990 390 2035 428 ab
2063 389 2139 427 und
2164 389 2311 434 kamen,
2348 388 2394 427 da
2420 390 2475 428 sie

201 455 256 494 ihr
283 455 442 507 getreide
473 454 584 493 nicht·
598 469 659 493 um
688 456 760 493 den
788 454 906 506 gleich
933 454 1054 493 hohen
1081 455 1178 506 preis
1205 468 1249 493 an
1276 467 1383 493 mann
1411 453 1600 500 brachten,
1637 454 1700 492 mit
1733 454 1816 492 dem
1849 455 1966 505 preise
1994 467 2038 492 zu
2065 453 2186 492 kurz.“
2225 452 2343 492 Kritzii
2379 465 2474 492 cou-

197 519 371 570 jecturam
399 518 586 556 recludere
613 518 729 569 pretio
756 518 899 569 probari
926 530 999 555 non
1027 530 1136 568 posse
1164 518 1286 556 docuit
1312 517 1583 555 Schoemannus
1610 518 1632 555 l.
1662 530 1694 555 c.
1722 531 1755 568 p.
1787 516 1846 555 12.
1901 518 2062 568 Denique
2090 517 2158 555 hac
2186 517 2474 568 interpretatione

201 588 381 635 postrema
405 595 434 619 c.
459 581 518 620 19.
540 581 739 628 difficultas,
767 595 859 633 quae
883 587 939 620 est
961 583 996 619 in
1024 582 1142 620 verbis
1169 581 1287 620 donec
1314 582 1412 632 quod
1439 581 1605 620 omnibus
1633 582 1669 619 in
1697 588 1862 633 promptu
1890 587 1974 628 erat,
2001 582 2125 632 paucis
2152 580 2333 620 lucrosum
2361 579 2473 626 fieret,

202 658 307 697 quam
326 659 372 683 ne
391 646 540 684 Wexius
562 647 707 696 quidem
736 651 774 683 ut
799 647 875 696 ipse
904 646 1062 683 sensisse
1089 645 1229 683 videtur
1255 646 1414 691 remouit,
1441 645 1603 692 Kritzius,
1619 645 1779 683 scribens
1808 646 1905 696 quod
1933 645 2099 683 omnibus
2127 646 2273 695 impro
2284 657 2474 695 sperum

202 716 279 747 erat
305 710 395 748 adeo
424 723 497 748 non
526 710 667 748 sustulit
694 715 733 747 ut
759 710 904 756 auxerit,
932 710 1073 748 tollitur.
1130 709 1296 747 omnibus
1323 710 1429 755 enim,
1458 709 1587 760 quibus
1616 709 1831 748 frumentum
1860 709 2111 761 imperabatur,
2140 708 2206 747 fuit
2231 709 2267 747 in
2295 712 2472 760 promptu,

203 773 260 823 (cf.
289 774 361 813 Liv.
391 773 452 820 25,
482 762 543 820 29,
576 774 600 813 9
628 773 743 825 Atque
772 774 909 820 omnia,
955 786 1046 825 quae
1075 774 1119 811 in
1155 779 1373 825 promptu
1401 779 1519 819 erant,
1557 774 1789 824 diripuerunt)
1817 774 1901 819 sed,
1939 774 2021 825 quia
2049 772 2267 824 cogebantur
2293 785 2399 810 suum
2427 784 2472 810 eo

201 839 356 876 vendere
385 839 499 889 pretio
528 844 605 889 quo'
628 843 779 888 possent
806 839 949 888 (quanto
978 838 1090 888 major
1118 844 1216 876 esset
1242 838 1408 875 frumenti
1437 839 1549 888 copia,
1578 843 1674 874 tanto
1702 838 1862 886 minore),
1891 850 1910 874 a
1938 838 2106 874 Romanis
2140 837 2251 875 semel
2280 837 2472 874 constituto

200 902 284 938 satis
312 914 442 952 magno
472 914 604 946 emere,
633 901 883 938 detrimentum
912 907 1138 951 acceperunt,
1166 902 1341 952 paucique
1370 901 1536 946 Romani,
1566 902 1626 951 qui
1655 901 1831 938 frumento
1861 901 2063 938 exercendo
2102 906 2296 951 praeerant,
2333 900 2472 938 lucrum

200 965 372 1003 fecerunt.
397 964 404 972 ’

389 1030 480 1078 Agr.
509 1029 570 1069 20.
627 1028 753 1075 Quibus
780 1029 879 1066 rebus
905 1029 1031 1067 multae
1057 1030 1217 1072 civitates,
1245 1040 1329 1078 quae
1356 1030 1392 1066 in
1419 1030 1516 1066 illum
1542 1030 1629 1066 diem
1657 1041 1700 1065 ez
1726 1041 1830 1078 aequo
1858 1035 2002 1077 eqerant,
2030 1030 2119 1065 iram
2142 1040 2285 1077 posuere
2311 1034 2343 1065 et
2367 1040 2469 1077 prae·

199 1093 296 1130 cidiis
332 1093 540 1142 castellisque
577 1094 801 1130 circumdatae
836 1098 868 1129 et
903 1098 996 1129 tanta
1031 1094 1161 1130 ratione
1196 1105 1360 1141 curaque,
1397 1098 1434 1129 ut
1468 1094 1598 1130 nulla
1630 1098 1734 1130 ante
1759 1081 1960 1130 Britanniae
1985 1105 2072 1130 nova
2094 1105 2177 1141 pars
2204 1093 2473 1130 illucessita

200 1158 462 1193 transierit.
839 1193 842 1195 ,
1726 1145 1730 1149 ’

390 1219 442 1257 Et
469 1218 673 1269 particulam
702 1223 782 1256 ante
820 1218 1090 1270 tantalKritzius
1128 1230 1193 1256 suo
1226 1219 1306 1269 jure
1335 1219 1494 1263 retinuit,
1532 1219 1597 1256 sed
1625 1219 1722 1269 quod
1751 1231 1794 1256 ex
1823 1218 2071 1256 emendatione
2099 1231 2118 1255 a
2146 1218 2251 1255 Susio
2279 1218 2471 1268 proposita,

199 1282 333 1319 Rittero
369 1281 501 1319 Orellio
540 1282 706 1318 Roedero
742 1284 873 1332 (progr.
903 1271 1020 1331 gymn.
1047 1282 1218 1319 Neostett.
1250 1281 1364 1328 1851)
1392 1282 1537 1331 probata
1571 1283 1712 1331 scripsit
1738 1288 1777 1319 ut
1804 1282 1897 1319 nulla
1926 1288 2006 1319 ante
2034 1281 2232 1319 Britanniae
2259 1294 2350 1319 nova
2377 1294 2469 1331 pars.

199 1346 481 1383 lllacessita
508 1345 644 1382 transiit
671 1358 828 1394 sequens
856 1345 981 1389 hiems,
1011 1345 1055 1383 de
1084 1345 1342 1382 emendationis
1370 1345 1514 1382 veritate
1542 1351 1730 1395 propterea
1759 1345 1892 1390 dubito,
1922 1345 2018 1395 quod
2046 1344 2175 1382 nullam
2204 1344 2308 1382 video
2327 1356 2470 1382 eausam

201 1423 264 1448 cur
284 1414 404 1448 contra
425 1408 628 1447 Latinorum
653 1421 757 1447 usum
787 1408 996 1459 subjectum,
1025 1421 1097 1460 quo
1125 1414 1266 1460 tempus
1294 1408 1467 1446 indicatur
1495 1421 1651 1460 sequens
1679 1408 1804 1454 hiems,
1833 1421 1852 1446 a
1880 1409 1994 1460 primo
2022 1408 2198 1446 enunciati
2225 1408 2306 1446 loco
2334 1413 2471 1446 remota

200 1474 253 1510 sit.
309 1485 390 1510 nam
420 1486 500 1510 cum
530 1485 559 1509 c.
592 1472 638 1509 18
668 1472 754 1509 nihil
792 1474 837 1509 sit
873 1474 1023 1517 dictum,
1061 1474 1165 1509 etiam
1202 1472 1319 1510 hieme
1357 1486 1530 1509 annorum
1566 1473 1614 1510 78
1643 1479 1679 1510 et
1708 1473 1756 1510 79
1785 1486 1866 1510 esse
1896 1475 1987 1510 inter
2013 1473 2192 1510 Romanos
2221 1479 2257 1510 et
2282 1472 2470 1510 Britannos

199 1539 335 1587 proelio
375 1543 544 1574 certatum
576 1539 633 1584 (ne
671 1550 715 1573 ex
752 1537 868 1573 verbis
903 1550 931 1573 0.
963 1536 1010 1574 18
1049 1550 1262 1586 quamquam
1299 1543 1495 1575 transvecta
1530 1542 1644 1575 aestas
1673 1537 1708 1574 id
1737 1537 1892 1587 colligas,
1928 1536 2093 1588 prohibet
2128 1538 2233 1582 ratio,
2270 1549 2339 1587 qua
2366 1535 2470 1574 Mona

200 1602 313 1639 insula
343 1607 512 1651 occupata
541 1603 617 1650 est),
646 1596 843 1638 illacessita*
861 1600 996 1638 transiit
1023 1614 1095 1638 non
1122 1605 1269 1652 propter
1296 1600 1444 1651 alicujus
1473 1601 1707 1652 oppositionis
1736 1601 1805 1639 vim
1833 1601 1946 1652 primo
1975 1600 2054 1639 1000
2088 1601 2172 1652 poni
2199 1600 2322 1652 potuit.
2365 1600 2470 1651 igitur

199 1666 306 1703 verba
335 1665 519 1703 illacessita
548 1664 725 1701 transierit
752 1671 835 1701 sunt
863 1665 1112 1715 conjungenda
1141 1677 1223 1701 cum
1251 1664 1369 1701 verbis
1398 1670 1436 1701 ut
1462 1665 1556 1702 nulla
1576 1672 1655 1702 ante
1677 1664 1875 1702 Britanniae
1895 1678 1984 1702 nova
2003 1678 2094 1715 pars,
2123 1678 2194 1715 quo
2222 1666 2257 1701 in
2286 1665 2466 1702 enuntiato

200 1736 238 1766 ut
255 1730 444 1779 particulae
463 1730 516 1765 vis
537 1734 592 1765 est
611 1729 848 1765 consecutiva.
878 1734 912 1765 at
931 1730 975 1765 ita
995 1734 1130 1766 retenta
1149 1734 1187 1765 ut
1205 1728 1294 1765 haec
1320 1728 1426 1766 verba
1455 1729 1491 1766 in
1520 1729 1703 1766 codicibus
1731 1729 1897 1779 leguntur
1924 1742 2033 1767 sensu
2061 1734 2190 1774 carent,
2218 1741 2336 1779 neque
2365 1728 2467 1766 facile

199 1794 386 1842 quisquam
424 1792 631 1836 inveniatur,
670 1792 731 1840 qui
758 1791 873 1829 Wexii
912 1797 1106 1829 contortam
1143 1792 1315 1829 rationem
1348 1792 1484 1842 probet.
1539 1798 1619 1830 ante
1647 1792 1852 1830 adverbium
1886 1793 1950 1830 etsi
1977 1792 2105 1830 lubens
2133 1792 2294 1829 concedo
2322 1791 2468 1829 defendi

198 1868 326 1907 posse,
368 1856 499 1906 quippe
538 1866 609 1905 quo
648 1854 744 1891 notio
773 1853 970 1892 Britanniae
1008 1867 1098 1892 nova
1135 1867 1216 1905 pars
1253 1855 1514 1906 angustioribus
1553 1855 1681 1893 finibus
1721 1855 2030 1892 circumscribatur
2067 1855 2123 1904 (cf.
2156 1855 2228 1892 Liv.
2256 1854 2323 1899 26,
2351 1854 2413 1899 41,
2442 1854 2467 1892 5

197 1919 310 1956 Nemo
339 1925 445 1956 ante
474 1932 540 1956 me
569 1931 683 1955 novus
711 1920 925 1968 imperator),
954 1925 1070 1956 tamen
1100 1919 1145 1956 de
1174 1921 1348 1957 sententia
1376 1920 1519 1956 omnino
1548 1919 1633 1956 nihil
1654 1918 1804 1957 detrahit
1822 1933 1842 1956 e
1862 1919 2048 1957 verborum
2069 1924 2233 1956 contextu
2253 1924 2466 1969 exemptum,

199 1996 279 2020 cum
316 1988 398 2032 post
424 1982 609 2033 Agricolae
647 1981 983 2019 administrationem
1021 1982 1222 2033 provinciae
1250 1981 1448 2020 Britanniae
1486 1994 1597 2020 novae
1631 1988 1748 2032 partes
1786 1995 1857 2020 non
1895 1982 1965 2019 sint
1999 1982 2166 2032 adjectae.
2205 1987 2321 2019 ortum
2348 1987 2467 2019 autem

198 2047 283 2084 mihi
311 2047 448 2089 videtur
469 2060 511 2083 ex
532 2059 576 2083 eo
595 2046 779 2091 vocabulo,
810 2047 906 2097 quod
926 2047 1114 2097 requiritur
1132 2046 1176 2084 ad
1192 2046 1322 2096 justam
1348 2047 1567 2092 sententiam,
1596 2059 1743 2097 aeque
1768 2047 1856 2084 dico.
1887 2059 1977 2097 quae
1998 2047 2200 2097 conjectura
2221 2058 2265 2083 eo
2288 2046 2466 2096 probatur,

198 2110 295 2161 quod
322 2109 416 2147 haud
451 2121 528 2147 raro
557 2121 670 2160 aeque
700 2110 929 2160 subsequitur
955 2122 1063 2147 voces
1092 2111 1272 2161 negativas
1301 2110 1344 2146 cf.
1373 2110 1411 2146 A.
1440 2110 1475 2155 4,
1506 2111 1549 2146 71
1584 2111 1713 2147 nullam
1743 2122 1856 2160 aeque
1885 2111 1914 2146 H
1942 2110 1976 2155 2,
2007 2110 2168 2154 tonihil
2196 2122 2309 2160 aeque
2337 2110 2372 2154 4,
2405 2110 2465 2147 55.

198 2175 233 2219 4,
262 2174 311 2211 54
340 2174 382 2210 al.
411 2180 445 2210 at
473 2180 637 2224 superest
664 2175 870 2211 transeundi
898 2174 1055 2211 verbum.
1099 2187 1139 2211 ea
1169 2175 1263 2211 enim
1292 2174 1397 2223 hujus
1425 2175 1523 2211 verbi
1550 2175 1612 2219 vis,
1642 2188 1731 2224 quae
1761 2175 1835 2211 sola
1863 2180 1985 2212 nostro
2013 2175 2093 2211 loco
2122 2175 2295 2219 convenit,
2325 2179 2363 2211 ut
2390 2174 2465 2212 fere

198 2239 243 2276 sit
278 2238 455 2288 passivum
499 2237 597 2275 verbi
639 2238 874 2276 transmittere
911 2238 1047 2285 (hostes
1083 2237 1299 2288 provinciam
1337 2237 1559 2276 illaccssitam
1598 2238 1868 2276 transmiserunt
1907 2238 1950 2276 cf.
1988 2238 2026 2276 Α.
2063 2237 2121 2284 15,
2155 2236 2204 2276 22
2242 2237 2385 2276 Plautus
2421 2237 2466 2275 ad

197 2314 369 2352 praesens
398 2302 536 2339 silentio
565 2302 793 2338 transmissus
821 2304 887 2349 est)
917 2315 988 2338 uno
1017 2307 1150 2338 tantum
1178 2301 1338 2338 Senecae
1367 2302 1446 2339 1000
1476 2315 1495 2338 3
1530 2301 1658 2338 Rothio
1687 2308 1747 2352 est
1769 2302 1913 2339 firmata.
1964 2302 2028 2339 sed
2057 2315 2128 2339 non
2156 2302 2246 2339 adeo
2274 2302 2465 2340 abhorrere

197 2366 346 2402 transire
375 2365 417 2401 ab
446 2377 487 2402 ea
516 2365 772 2414 significatione
801 2365 875 2401 aliis
904 2365 991 2401 loeis
1019 2365 1289 2402 demonstratur.
1319 2372 1426 2415 recte
1444 2366 1570 2402 dicitur
1589 2372 1728 2414 tempus
1757 2379 1827 2402 nox
1846 2378 1959 2403 annus
1980 2366 2112 2410 transit,
2140 2366 2216 2403 dies
2236 2366 2464 2404 hibernorum

197 2429 413 2466 transierunt
434 2427 545 2476 (Caes.
566 2428 599 2465 b.
630 2441 661 2478 g.
691 2428 725 2473 5,
754 2427 789 2472 2,
821 2428 866 2477 1.)
895 2441 1012 2477 neque
1041 2428 1255 2465 offendimur
1282 2428 1443 2478 legentes
1470 2428 1509 2465 A.
1542 2429 1600 2473 11,
1629 2428 1675 2466 57
1706 2429 1931 2466 Transisse
1959 2430 2063 2466 vitam
2091 2442 2208 2479 neque
2237 2429 2330 2466 aliud
2359 2443 2463 2479 quam

196 2492 300 2528 morti
330 2491 440 2528 decus
470 2491 724 2542 quaerendum,
753 2491 782 2528 H
811 2491 843 2536 1,
870 2490 920 2528 52
946 2490 1147 2528 Precarium
1173 2491 1250 2528 seni
1270 2491 1455 2541 imperium
1475 2498 1510 2528 et
1528 2492 1625 2529 brevi
1645 2492 1936 2529 transiturum.
1965 2498 2020 2529 est
2033 2497 2152 2529 autem
2173 2493 2276 2529 vitam
2295 2493 2464 2530 transisse

195 2553 348 2590 breviter
384 2555 516 2591 dietum
550 2568 614 2604 pro
648 2562 788 2603 tempus
822 2556 911 2591 vitae
945 2556 1132 2599 transisse,
1169 2555 1355 2604 imperium
1393 2555 1490 2592 brevi
1523 2547 1750 2592 transiturum
1779 2569 1842 2605 pro
1872 2562 2013 2605 tempus
2042 2557 2177 2606 imperii
2205 2556 2302 2593 brevi
2331 2557 2463 2593 transi-

193 2622 323 2653 turum.
362 2617 487 2654 eadem
515 2617 683 2655 brevitate
712 2623 835 2654 nostro
863 2617 943 2654 loco
973 2617 1170 2655 Britanniae
1199 2630 1289 2654 nova
1318 2630 1399 2667 pars
1427 2618 1613 2655 illacessita
1641 2619 1763 2655 transit
1790 2618 1922 2656 dictum
1951 2626 2006 2656 est
2033 2632 2097 2669 pro
2126 2619 2322 2657 Britanniae
2351 2632 2463 2657 novae

194 2681 282 2730 parti
320 2687 460 2730 tempus
497 2682 620 2718 transit
656 2682 874 2719 illacessitae.
934 2681 1127 2732 legendum
1162 2682 1267 2732 igitur
1301 2688 1404 2732 puto:
1444 2689 1481 2719 ut
1518 2682 1609 2720 nulla
1647 2694 1759 2732 aeque
1797 2681 1995 2721 Britanniae
2034 2696 2125 2721 nova
2162 2696 2243 2734 pars
2277 2683 2464 2722 illaeessita

194 2744 371 2782 transierit
384 2767 435 2773 —
451 2744 533 2782 dass
561 2743 642 2782 kein
671 2758 741 2783 neu
770 2746 1052 2783 unterworfener
1079 2745 1163 2783 theil
1182 2745 1246 2783 der
1264 2745 1533 2783 Britannischen
1553 2746 1696 2797 provinz
1717 2746 1831 2797 glcich
1854 2746 2141 2798 unangefochten
2162 2747 2348 2798 geblieben
2368 2747 2422 2785 ist.
2438 2747 2462 2795 ²)

198 2869 200 2871 q
382 2819 472 2867 Agr.
500 2819 554 2857 21.
590 2819 669 2856 Inde
696 2821 797 2862 etiam
823 2821 955 2857 habitus
981 2822 1089 2857 nostri
1115 2821 1222 2857 honor
1248 2826 1279 2858 et
1304 2823 1460 2870 frequens
1489 2826 1574 2869 toqa,
1599 2822 1832 2870 paulatimque
1859 2823 2038 2858 discessum
2064 2823 2109 2858 ad
2133 2824 2463 2859 deliniamenta

135 2885 137 2887 ’
193 2884 352 2920 vitiorum
376 2883 526 2932 porticus
554 2888 584 2919 et
611 2884 729 2920 balnea
756 2889 787 2920 et
822 2885 1048 2921 conviviorum
1084 2885 1301 2933 eleqantiam,·
1338 2885 1436 2934 idque
1472 2886 1562 2932 apud
1596 2886 1770 2933 imperitos
1806 2886 1997 2922 humanitas
2034 2887 2229 2928 vocabatur,
2272 2899 2348 2924 cum
2380 2900 2463 2935 pars

192 2948 362 2983 servitutis·
390 2952 481 2983 esset.

317 3053 338 3092 ')
361 3052 455 3082 Etiam
474 3053 498 3083 H
514 3053 541 3090 2,
559 3053 598 3082 59
615 3052 712 3082 minus
735 3057 817 3083 recte
841 3052 878 3082 de
902 3053 1074 3084 transeundi
1096 3053 1188 3084 verbo
1211 3053 1351 3084 statuisse
1375 3053 1513 3084 videntur
1535 3054 1615 3084 docti
1639 3054 1700 3084 viri.
1731 3055 1834 3095 legunt
1855 3055 1935 3086 enim
1958 3055 2049 3087 Brevi
2070 3056 2174 3086 auditu
2194 3056 2329 3095 quamvis
2349 3064 2462 3095 mayna

369 3106 515 3137 transibat
535 3106 635 3145 impar
653 3106 734 3137 curis
751 3106 945 3145 qravioribus.
968 3110 997 3137 at
1010 3116 1077 3138 cum
1094 3106 1124 3137 in
1146 3105 1300 3137 codicibus
1323 3106 1361 3137 sit
1383 3106 1543 3148 scriptum:
1567 3107 1658 3138 breve
1681 3107 1781 3139 auditu
1805 3108 1834 3139 ui
1857 3109 1992 3150 quamvis
2015 3118 2119 3150 magna
2140 3108 2310 3146 transibant,
2332 3108 2461 3140 sortasse

369 3162 417 3188 est
440 3159 616 3199 legendum:
639 3159 721 3190 brevi
743 3159 844 3190 auditu
867 3159 894 3189 ei
916 3160 1049 3200 quamvis
1071 3169 1176 3199 magna
1199 3160 1424 3191 transibant
1445 3160 1585 3201 impari
1608 3161 1687 3192 curis
1709 3162 1903 3202 gravioribus.

529 3212 591 3242 Nec
613 3212 710 3243 minus
734 3212 845 3251 dubito,
876 3223 913 3243 an
942 3212 1086 3253 exemplis
1107 3213 1194 3253 quale
1216 3216 1263 3243 est
1283 3213 1472 3244 notissimum
1494 3213 1565 3244 illud
1588 3214 1808 3247 sallustianum:
1845 3214 1888 3245 Ne
1917 3215 2005 3245 vitam
2029 3215 2146 3246 silentio
2169 3219 2320 3246 transeant
2341 3215 2461 3246 defendi

369 3264 467 3304 possit
496 3265 633 3296 codicum
662 3265 751 3296 lectio
780 3268 813 3296 A.
837 3266 886 3304 14,
908 3266 949 3297 48
979 3265 1055 3304 Quin
1084 3267 1116 3297 in
1145 3267 1242 3298 insula
1262 3267 1424 3306 publicatis
1446 3267 1532 3298 bonis
1554 3277 1611 3307 quo
1634 3268 1751 3307 lonqius
1772 3272 1882 3300 sortem
1904 3269 1997 3299 vitum
2017 3270 2241 3301 transisset
2262 3279 2299 3300 eo
2317 3269 2463 3309 privatim

372 3317 570 3354 miseriorem,
593 3327 653 3358 quo
675 3318 744 3349 loco
767 3318 919 3349 Puteolani
942 3318 1065 3349 mutatio
1088 3319 1226 3351 traxisset
1248 3319 1278 3350 in
1300 3329 1406 3351 omnes
1428 3320 1576 3351 editiones
1599 3324 1647 3352 est
1667 3321 1753 3351 illata.

0 3482 593 3500 &Qud-„m
