2651 3500
1266 70 1317 111 10

50 234 74 242 ,,
90 184 552 255 sunaneganum
577 196 730 249 aliquod
743 197 790 235 in
812 197 1007 249 provinciis
1034 199 1286 251 transigerent,
1327 199 1497 251 pecunias
1525 211 1546 238 a
1572 200 1846 253 provincialibus
1874 201 2011 241 debitas
2038 201 2235 255 exigendas
2262 211 2428 247 curarent

20 256 23 260 “
70 266 72 268 ’
112 259 126 280 ⁹*
139 252 230 312 &J
245 258 293 298 sd
317 259 386 298 Aa.
413 258 450 306 6,
469 260 504 298 1.
533 259 569 306 6,
588 259 626 306 3,
654 261 711 299 vel
739 266 779 299 ut
803 261 892 306 aliis,
920 274 1014 312 quos
1041 261 1091 300 illi
1117 263 1393 313 proconsulibus
1421 264 1746 310 commendassent,
1774 265 1926 315 aliquam
1953 272 2124 304 navarent
2149 279 2306 316 operam,
2352 268 2424 308 Cic.

140 320 353 370 tems,
379 322 450 371 ει,
473 323 533 363 10.
562 323 599 370 s,
620 323 654 362 ι.
683 323 720 370 s,
738 323 775 370 s,
804 324 849 363 aa
877 324 958 363 ram.
989 324 1024 372 τ,
1043 324 1078 364 5.
1108 325 1196 372 ’1,8.
1225 325 1351 364 confer
1377 332 1575 377 praeterea,
1612 340 1705 378 quae
1732 327 1889 367 severus
1916 313 2068 368 caecina*
2093 328 2133 367 a
2162 329 2197 376 5,
2225 329 2276 369 55
2304 330 2451 383 objicit·

142 385 315 427 uxoribus
336 387 526 427 >rectorum
553 387 817 440 provinciarum
845 387 1015 427 incedere
1044 389 1136 428 inter
1162 389 1311 435 milites,
1345 388 1521 428 habere
1549 390 1602 428 ad
1629 402 1791 429 manus
1818 392 2149 431 centuriones.
2190 393 2308 445 itaque
2336 393 2425 432 haec

92 450 96 455 '
143 449 299 491 efficitur
324 452 543 491 sententiae:
572 451 700 497 „keine
730 451 931 491 amtssaehe
958 452 1044 491 liess
1072 466 1113 492 er
1139 452 1252 491 durch
1281 454 1537 504 freigelassene
1565 454 1655 492 oder
1681 455 1824 493 sclaven
1852 456 2073 502 verricliten,
2108 457 2208 495 nicht
2242 457 2348 496 nahm
2385 470 2426 496 er

143 513 495 567 in-persoenlicliem
523 515 698 554 interesse
725 514 821 553 noch
849 515 915 554 auf
938 515 1219 568 empfehlungen
1240 517 1330 555 oder
1347 517 1457 555 bitten
1482 516 1543 555 hin
1571 518 1677 556 einen
1703 520 1863 557 centurio
1883 519 1957 558 und
1976 519 2138 558 soldatcn
2157 521 2194 558 in
2213 520 2424 572 anspruch.¹‘

334 579 445 618 Etiam
468 579 505 618 in
532 592 625 630 quos
652 592 727 617 non
755 580 899 618 ascierit
915 580 1080 631 Agricola
1108 582 1354 619 centurionem
1382 581 1583 632 militesque
1613 583 1648 620 in
1676 588 1799 633 aperto
1827 589 1891 629 est,
1920 585 1956 622 in
1984 585 2228 635 provinciales,
2257 590 2296 623 ut
2318 597 2422 637 supra

102 700 106 703 .
141 643 306 684 diximus.
352 656 460 696 porro
493 644 527 682 si
560 644 778 695 reputaveris
805 643 992 695 Agricolae
1017 644 1148 695 justam
1176 652 1282 696 atque
1312 646 1484 696 integram
1512 645 1851 695 administrationem
1879 648 2011 698 opponi
2039 648 2177 698 injuriis
2204 655 2310 700 atque
2338 661 2423 686 ava-

143 708 242 747 ritiae
269 708 420 747 aliorum
446 708 662 764 legatorum,
698 707 800 746 facile
829 708 1006 759 intelliges
1035 709 1163 747 milites
1192 709 1323 747 ascitos
1351 722 1434 747 esse
1463 709 1506 747 ad
1535 709 1679 760 injurias
1708 711 1980 761 provincialibus
2008 712 2230 756 inferendas,
2259 713 2303 750 cf.
2333 726 2424 764 quos

141 772 263 824 paullo
289 777 372 811 ante
400 772 574 823 adscripsi
600 771 703 810 locos
730 771 794 821 Ag.
825 771 885 811 15.
913 771 952 809 A.
985 771 1044 818 14,
1063 772 1124 811 31.
1154 786 1277 811 verum
1307 774 1467 824 quamvis
1495 778 1636 824 apertae
1665 780 1788 812 essent
1814 775 1972 825 injuriae,
2000 775 2143 826 aliquod
2172 782 2268 814 certe
2290 776 2424 815 crimen

141 837 180 874 in
206 842 376 887 promptu
403 835 591 881 habebant,
620 849 692 886 quo
720 836 865 886 injurias
894 842 1114 874 excusarent.
1170 850 1289 887 neque
1324 837 1368 875 ad
1402 837 1503 875 aliam
1538 844 1606 875 tam
1636 850 1744 888 saepe
1774 838 2053 877 criminationem
2082 839 2289 890 confugisse
2318 852 2424 890 quam

142 904 333 951 suspectae
361 899 444 937 fidei
473 899 508 936 in
536 898 708 950 populum
737 911 923 937 romanum
953 900 1224 951 conspirationis
1253 900 1484 946 defectionis,
1522 913 1693 951 perquam
1731 906 1787 938 est
1819 902 1892 939 veri
1921 902 2044 940 simile.
2100 902 2189 940 haec
2217 903 2322 953 igitur
2350 903 2424 939 eri-

142 964 286 1002 minatio
316 965 351 1002 in
380 963 615 1014 provinciales
644 963 796 1001 conficta
824 964 1013 1001 denotatur
1040 963 1158 1001 verbis
1187 964 1250 1001 sed
1281 964 1454 1014 optimum
1482 977 1663 1014 quemque
1692 965 1903 1003 fidissimum
1931 972 2066 1016 putare,
2104 966 2233 1017 quibus
2260 966 2424 1017 Agricola

140 1034 289 1080 propter
316 1028 527 1066 contrariam
554 1027 631 1065 aliis
658 1026 784 1077 legatis
813 1027 976 1065 virtutem
1004 1027 1235 1078 praedicatur,
1266 1028 1363 1078 quod
1391 1041 1509 1078 neque
1538 1028 1573 1066 in
1603 1041 1816 1079 quemquam
1837 1028 2086 1068 Britannorum
2114 1029 2254 1068 infidiae
2285 1029 2420 1068 crimen

141 1093 401 1144 composuerit,
429 1104 548 1142 neque
568 1092 628 1128 ubi
657 1103 763 1141 quem
793 1091 927 1128 bonum
957 1092 1069 1127 virum
1099 1098 1304 1141 cognosset,
1335 1092 1379 1128 de
1408 1092 1490 1141 ejus,
1515 1092 1586 1129 fide
1616 1093 1826 1130 dubitaverit
1852 1100 1911 1130 aut
1938 1093 2098 1130 dubitare
2127 1094 2350 1131 simulaverit.
2379 1093 2424 1130 ad

141 1168 249 1207 quam
278 1156 491 1193 sententiam
519 1155 637 1192 solum
665 1160 723 1192 est
749 1160 870 1204 aptum
899 1155 1110 1192 fidissimum
1139 1155 1371 1199 vocabulum,
1409 1169 1489 1192 cum
1524 1155 1594 1192 hoc
1627 1157 1711 1193 velit
1743 1158 1971 1206 pronuntiare
1999 1157 2140 1194 Tacitus
2169 1170 2295 1202 „wenn
2325 1157 2424 1194 einer

140 1220 208 1258 der
243 1218 485 1270 provincialen
526 1216 714 1256 ehrenhaft
749 1231 841 1263 war,
879 1230 1013 1268 genoss
1051 1230 1091 1255 er
1128 1218 1205 1256 sein
1240 1223 1431 1256 zutrauen“
1460 1218 1517 1263 (cf.
1547 1232 1637 1269 quae
1667 1219 1816 1257 Kritzius
1845 1220 1889 1258 ad
1916 1219 1950 1257 h.
1979 1219 2000 1257 l.
2030 1220 2075 1258 de
2103 1219 2176 1257 fido
2206 1219 2315 1257 infido
2345 1219 2423 1257 dis-

141 1283 286 1334 putavit)
315 1294 434 1333 neque
462 1281 646 1319 Puteolani
674 1281 868 1319 mutatione
897 1281 1144 1319 fidelissimum
1172 1281 1325 1332 legentis
1354 1294 1426 1318 non
1455 1282 1571 1318 solum
1600 1294 1690 1332 opus
1720 1288 1784 1327 est,
1814 1283 1878 1319 sed
1908 1284 2080 1320 sententia
2109 1283 2369 1333 infringeretur.

334 1345 382 1382 lta
410 1345 555 1382 demum
584 1345 771 1382 intellectis
805 1345 923 1382 verbis
958 1345 1069 1381 oratio
1108 1350 1204 1381 recte
1242 1345 1476 1394 progreditur.
1532 1345 1651 1382 laudat
1687 1347 1780 1383 enim
1818 1346 1957 1383 Tacitus
1993 1346 2211 1396 Agricolam,
2249 1346 2346 1395 quod
2383 1358 2422 1382 se

141 1411 365 1460 domumque
394 1422 495 1447 suam
525 1422 699 1447 coercens
728 1422 852 1447 servos
880 1408 1099 1459 libertosque
1131 1421 1217 1446 suos
1246 1408 1290 1446 ad
1319 1422 1377 1447 res
1405 1409 1564 1459 publicas
1593 1409 1767 1448 accedere
1796 1409 2030 1461 prohibuerit,
2067 1409 2165 1461 quod
2202 1422 2318 1460 neque
2357 1408 2423 1448 sibi

140 1486 262 1525 neque
290 1473 414 1512 amicis
443 1473 665 1511 concesserit
692 1472 736 1510 ad
765 1472 960 1524 explendas
988 1472 1154 1510 libidines
1184 1472 1334 1523 privatas
1362 1473 1512 1510 militum
1541 1473 1718 1524 publicam
1753 1474 1821 1511 vim
1861 1479 1981 1511 contra
2010 1474 2260 1525 provinciales,
2296 1473 2361 1510 sed
2388 1473 2429 1510 id.

142 1543 278 1575 tantum
298 1538 474 1589 spectarit,
495 1538 556 1588 qui
576 1542 698 1574 essent
717 1536 964 1574 Britannorum
986 1549 1105 1573 mores
1124 1543 1160 1573 et
1179 1538 1212 1572 in
1234 1549 1400 1573 romanos
1421 1539 1618 1574 animorum
1638 1539 1711 1574 veri
1731 1538 1889 1582 habitus;
1910 1539 2006 1588 quod
2022 1539 2181 1587 judicem
2200 1538 2422 1585 ultoremque

141 1609 180 1641 ut
204 1603 342 1653 justum
371 1603 415 1639 ita
444 1614 599 1652 aequum
628 1614 667 1638 se
696 1601 909 1653 prae—buerit,
939 1613 1057 1638 rerum
1087 1601 1285 1638 militarium
1315 1607 1351 1638 et
1379 1601 1532 1638 civilium
1561 1602 1747 1652 providum
1775 1615 1817 1639 ac
1846 1609 1985 1639 cautum
2014 1602 2343 1639 administratorem.

335 1687 444 1725 Paulo
474 1693 555 1738 post
583 1686 689 1736 vulgo
718 1686 865 1737 legitur:
900 1688 1124 1735 frumenti
1163 1692 1202 1723 et
1238 1687 1518 1724 tributorum.
1556 1689 1842 1724 exactionem
1879 1688 2167 1737 aequalitate
2193 1698 2423 1724 ”tuncrum

141 1753 332 1790 mollire
358 1752 574 1793 circumcisis,
603 1763 687 1800 quae
714 1752 750 1787 in
778 1755 952 1800 quaestum
978 1756 1112 1799 reperta
1139 1752 1211 1799 ipso
1239 1751 1362 1788 tributo
1387 1752 1527 1800 gravius
1553 1752 1789 1795 tolerabantur.

335 1824 395 1862 Sic
414 1824 490 1862 fere
518 1823 608 1861 haec
636 1823 743 1860 verba
773 1824 1004 1874 accipiuntur,
1037 1830 1073 1861 ut
1101 1824 1268 1861 efferatur
1296 1824 1444 1861 ablativo
1475 1825 1636 1861 absoluto
1667 1825 1885 1861 circumcisis
1914 1825 2298 1874 quae—tolerabantur
2326 1824 2423 1867 ratic,

142 1903 214 1940 qua
234 1902 382 1927 munera
401 1888 669 1938 provincialium
690 1888 815 1926 fecerit
832 1888 996 1937 Agricola
1017 1888 1185 1937 aequalia.
1215 1894 1249 1925 at
1277 1903 1356 1926 cum
1387 1889 1632 1938 aequalitatem
1661 1902 1848 1926 munerum
1877 1889 1920 1926 ad
1949 1889 2116 1926 frumenti
2144 1888 2421 1926 aestimationem

143 1952 272 1991 factam
302 1952 458 1991 referant
486 1951 543 2001 (cf.
571 1951 738 1989 Wexium
767 1956 802 1989 et
829 1951 1026 2000 Kritzium),
1056 1951 1144 1989 duas
1173 1952 1346 1996 rationes,
1385 1964 1454 2002 qua
1483 1951 1673 2002 aequalitas
1703 1951 1829 1989 effecta
1859 1952 1912 1997 sit,
1940 1951 2098 1989 Tacitum
2127 1951 2259 1988 faciunt
2285 1962 2423 2001 propo-

143 2023 290 2056 nentem
319 2022 355 2055 et
382 2029 444 2055 eas
472 2016 617 2067 quidem
646 2016 691 2053 ita
720 2017 948 2060 constitutas,
986 2022 1024 2053 ut
1060 2016 1167 2054 altera
1204 2016 1348 2053 alterius
1383 2016 1611 2066 explicandae
1647 2029 1752 2053 causa
1782 2017 1826 2053 sit
1853 2016 1986 2061 addita,
2023 2028 2236 2066 quamquam
2265 2015 2355 2051 inter
2384 2026 2423 2050 se

143 2081 248 2132 plane
269 2085 353 2118 sunt
371 2081 543 2117 diversae.
581 2085 763 2130 praeterea
791 2079 898 2116 verba
927 2080 1135 2129 aequalitate
1165 2093 1354 2116 munerum
1383 2080 1519 2116 mollire
1550 2081 1655 2116 etiam
1683 2080 1727 2116 ad
1756 2080 1967 2116 tributorum
1995 2081 2215 2116 exactionem
2244 2079 2421 2128 pertinere

144 2151 262 2195 patet;
292 2158 410 2194 neque
430 2157 516 2181 vero
536 2145 766 2193 interpretum
792 2144 920 2187 verbis,
950 2157 1101 2193 quanam
1127 2144 1335 2193 aequalitate
1365 2144 1531 2181 mollierit
1549 2143 1712 2193 Agricola
1742 2144 1952 2181 tributorum
1981 2145 2212 2187 exactionem,
2242 2143 2423 2180 docemur.

142 2209 189 2248 ad
218 2208 282 2247 has
311 2208 537 2260 suspiciones
565 2207 712 2253 accedit,
741 2213 779 2245 ut
807 2208 841 2245 in
870 2207 960 2245 libro
987 2208 1026 2245 Γ
1051 2213 1086 2245 et
1113 2207 1148 2245 in
1177 2207 1335 2258 margine
1363 2208 1399 2244 A
1425 2207 1514 2245 haec
1543 2207 1649 2245 verba
1678 2208 1730 2245 sic
1757 2207 1937 2258 legantur:
1969 2207 2135 2245 frumenti
2160 2212 2195 2245 et
2213 2206 2423 2244 tributorum

143 2274 423 2310 auctionem
452 2273 497 2309 in
525 2271 821 2321 aequalitate
852 2283 1091 2308 munerum
1130 2272 1266 2309 mollire
1305 2272 1525 2308 circumcisis
1563 2277 1628 2308 cet.
1685 2278 1720 2309 et
1752 2272 1880 2309 tributa
1913 2283 2131 2320 muneraque
2159 2269 2424 2321 provincialium

143 2350 164 2374 a
181 2337 402 2387 Vespasiano
432 2348 515 2373 esse
543 2340 645 2373 aucta
673 2335 847 2372 docemur
874 2334 971 2372 Suet.
1000 2334 1106 2385 Vesp.
1138 2335 1186 2372 16
1215 2335 1290 2372 Dio.
1322 2335 1384 2380 66,
1413 2335 1436 2373 8
1467 2335 1708 2373 cf.-Walther.
1738 2335 1771 2372 h.
1801 2336 1821 2372 l.
1852 2336 1967 2385 itaque
1997 2348 2068 2372 non
2098 2336 2132 2372 in
2161 2335 2361 2372 auctionem
2390 2333 2424 2370 in

143 2400 354 2450 aequalitate
380 2399 652 2448 (inaequalitate)
678 2399 742 2435 sed
767 2399 802 2435 in
826 2411 1015 2436 munerum
1040 2411 1127 2435 voce
1152 2404 1304 2435 erratum
1330 2411 1412 2435 esse
1437 2399 1520 2435 mihi
1541 2399 1688 2436 videtur.
1718 2412 1821 2448 quam
1843 2398 1902 2435 ubi
1922 2399 2110 2436 mutaveris
2130 2399 2164 2435 in
2185 2397 2425 2440 molestam,

143 2463 289 2501 tolletur
317 2463 433 2500 omnis
462 2475 568 2513 quam
597 2462 747 2499 indicavi
776 2462 845 2498 loci
874 2461 1073 2507 difficultas,
1103 2475 1183 2499 cum
1213 2463 1432 2499 circumcisis
1462 2475 1553 2512 quae
1584 2463 1618 2499 in
1648 2468 1834 2511 quaestum
1864 2469 2002 2512 reperta
2030 2462 2109 2512 ipso
2136 2461 2265 2498 tributo
2286 2459 2424 2510 gravius

143 2527 387 2564 tolerabantur
419 2527 492 2575 jam
529 2539 602 2562 non
640 2526 832 2575 aequalitas
870 2526 1045 2575 quaedam
1082 2526 1142 2562 fiat
1178 2526 1244 2563 sed
1280 2527 1524 2563 tantummodo
1562 2526 1737 2562 molliatur
1774 2527 1865 2577 aucti
1893 2526 2011 2562 tributi
2040 2538 2141 2562 onus.
2199 2523 2426 2561 scribendum

146 2590 253 2641 igitur
276 2602 410 2627 censeo
431 2589 598 2627 frumenti
618 2594 654 2626 et
671 2588 881 2626 tributorum
900 2589 1171 2626 auctionem
1201 2589 1552 2638 inaequalitate
1582 2589 1827 2626 molestam
1851 2588 1986 2625 mollire
2008 2588 2227 2625 circumcisis
2246 2599 2337 2637 quae
2359 2592 2424 2623 cet.

143 2667 232 2692 sane
269 2653 499 2703 inaequalitas
537 2653 794 2691 substantivum
833 2653 868 2690 in
896 2652 1004 2690 Taciti
1041 2652 1138 2690 libris
1176 2665 1248 2690 non
1287 2653 1463 2690 invenitur
1500 2653 1564 2690 sed
1594 2659 1687 2691 extat
1714 2652 1945 2703 inaequaliter
1973 2652 2010 2690 A.
2040 2651 2074 2698 ⁶2,
2106 2651 2155 2690 16
2190 2657 2225 2689 et
2259 2651 2315 2688 usi
2344 2655 2426 2688 sunt

144 2717 392 2770 inaequalitate
421 2716 530 2762 Quint
559 2716 618 2762 11,
653 2716 688 2762 5,
725 2715 784 2755 ῖ9.
824 2715 884 2762 12,
918 2715 952 2760 9,
985 2716 1029 2754 17
1070 2715 1156 2754 Gell.
1186 2729 1218 2753 n.
1249 2729 1277 2754 a.
1308 2715 1342 2761 ⁶2,
1372 2715 1433 2762 ⁶25,
1463 2716 1487 2754 5
1516 2716 1557 2754 al.
1587 2729 1704 2767 neque
1744 2717 1841 2767 quod
1879 2717 2079 2755 auctionem
2118 2715 2258 2766 proprie
2298 2714 2425 2751 dictam

144 2781 431 2831 „vermehrung“
449 2786 584 2818 tantum
615 2794 659 2818 ex
679 2781 857 2818 Macrobio
886 2786 922 2818 et
940 2781 1046 2818 Festo
1075 2781 1187 2818 lexiea
1215 2781 1375 2830 probant,
1406 2781 1537 2830 aliquid
1567 2793 1695 2818 causae
1725 2787 1789 2825 est,
1822 2794 1884 2817 cur
1912 2782 2181 2831 explicationem
2210 2792 2229 2816 a
2252 2792 2309 2815 me
2338 2790 2427 2826 pro—

142 2847 308 2897 positam,
337 2845 446 2882 modo
474 2844 560 2882 nihil
588 2845 683 2882 aliud
711 2844 839 2882 habeat
866 2844 1087 2889 offensionis,
1116 2844 1278 2894 abjicias,
1308 2857 1390 2882 cum
1416 2845 1519 2882 etiam
1544 2844 1609 2882 alia
1633 2844 1740 2882 verba
1760 2845 1902 2895 propria
1923 2849 2097 2894 potestate
2112 2843 2252 2881 Tacitus
2267 2839 2427 2891 posuerit

144 2916 269 2948 contra
298 2914 499 2947 ceterorum
528 2909 741 2958 scriptorum
770 2921 885 2946 usum.
927 2907 966 2945 A.
998 2908 1030 2953 1,
1059 2907 1104 2946 31
1138 2908 1245 2959 Igitur
1272 2908 1392 2946 audito
1421 2907 1492 2946 fine
1521 2907 1670 2958 Augusti
1699 2908 1961 2946 vernacula
1989 2907 2175 2946 multitudo
2204 2917 2320 2956 nuper
2347 2910 2425 2942 acto

146 2973 183 3011 in
213 2972 301 3011 urbe
330 2972 462 3011 dilectu
492 3002 499 3009 .
530 3001 537 3009 .
567 2972 714 3022 implere
744 2977 945 3018 ceterorum
974 2972 1083 3009 rudes
1111 2972 1258 3009 animos.

337 3057 435 3101 Quae
473 3058 654 3108 excipiunt
689 3058 796 3095 verba
832 3058 984 3108 Namque
1016 3070 1080 3107 per
1115 3045 1299 3095 ludibrium
1335 3059 1482 3095 assidere
1518 3060 1642 3096 clausis
1677 3060 1807 3096 hom-eis
1840 3064 1871 3095 et
1905 3070 2014 3095 emere
2041 3058 2129 3093 altro
2154 3058 2361 3104 frumentum
2385 3065 2427 3091 ac

141 3122 303 3159 ludere
326 3123 437 3170 pretio
465 3122 674 3170 cogebantur,
703 3121 749 3158 de
778 3121 830 3158 eis
858 3126 956 3159 recte
981 3122 1163 3171 judicasse
1191 3123 1331 3159 videtur
1350 3117 1629 3160 Strodtbeekius'
1648 3135 1749 3172 prog.
1770 3121 1858 3159 Ulm.
1890 3120 1992 3158 1850
2020 3133 2053 3171 p.
2076 3119 2119 3157 11
2146 3132 2203 3164 ss.‚
2232 3119 2299 3156 nisi
2327 3119 2425 3170 quod

143 3185 181 3223 in
209 3184 334 3223 ludere
371 3185 485 3236 pretio
523 3184 650 3222 frustra
687 3184 831 3222 laborat.
888 3185 985 3235 quod
1015 3197 1087 3222 non
1116 3185 1276 3230 fecisset,
1315 3186 1344 3223 si
1372 3186 1488 3223 Wexii
1529 3185 1827 3236 elegantissimam
1865 3185 2106 3234 conjecturam
2143 3183 2276 3221 luere
2313 3183 2427 3233 pretio

143 3250 315 3294 novisset,
344 3261 435 3299 quae
464 3249 582 3299 paullo
610 3249 711 3286 aliter
738 3261 780 3286 ac
807 3249 884 3299 ipse
915 3249 1061 3287 Wexius
1100 3249 1184 3289 fecit
1220 3256 1366 3300 accepta
1405 3263 1485 3288 curn
1524 3250 1615 3287 illius
1655 3249 1900 3299 explanatione
1935 3250 2066 3299 optime
2101 3248 2276 3285 convenit.
2318 3245 2428 3284 efficit

142 3312 242 3352 enim
270 3311 364 3350 hanc
390 3311 466 3350 fere
495 3312 728 3350 sententiam:
766 3312 884 3357 „denn
920 3325 1023 3350 wann
1054 3313 1112 3350 die
1141 3312 1382 3363 provincialen
1412 3313 1475 3350 das
1505 3313 1664 3363 getreide
1693 3325 1756 3350 aus
1784 3313 1907 3351 weiter
1935 3312 2035 3350 ferne
2065 3311 2235 3360 (devortia
2262 3310 2428 3347 itinerum
