2651 3500
137 298 149 310 .
199 285 308 312 W?
607 245 786 303 amissas
821 246 858 293 in
893 245 998 285 litore
1033 258 1143 286 naves
1169 252 1348 299 tamquam
1376 245 1525 286 durante
1551 246 1647 286 bello
1674 247 1854 299 provincia
1881 247 2060 287 decedere
2082 247 2209 300 jussus
2235 253 2300 288 est.
2356 261 2464 300 quam

150 314 176 341 ¹³1
205 308 235 320 “⁴
303 307 349 331 '²⁵
390 334 392 340 ι
417 295 616 356 durantis
654 293 740 350 belli
776 321 920 349 causam
956 323 1160 363 proponere
1195 317 1389 363 potuerunt
1423 312 1558 350 strenui
1595 311 1687 350 illius
1724 312 1826 350 ducis
1863 312 2121 352 obtrectatores
2157 325 2264 364 quam
2300 313 2388 351 iram
2423 318 2462 352 et

76 361 90 395 ²-
112 356 120 363 .
153 362 410 428 ὼ.
428 379 520 425 qus
540 373 712 414 timentes
738 373 896 414 Britanni
923 375 959 414 in
986 376 1093 414 armis
1121 376 1332 415 manerent?
1368 389 1459 427 quae
1497 388 1578 414 cum
1606 376 1652 414 ita
1679 382 1818 422 essent,
1852 377 1984 414 missus
2012 382 2068 415 est
2093 377 2241 416 Paulino
2269 389 2460 416 successor

183 432 375 484 Potin-hs
395 436 633 490 ''l'mpilianua
674 444 772 478 recta
799 439 906 491 igitur
932 439 1124 491 particulae
1152 441 1451 492 interpretatione,
1480 452 1585 492 quam
1613 441 1801 493 proposuit
1826 441 1986 487 Kritzius,
2014 441 2204 480 difficultas
2232 447 2288 481 est
2314 441 2459 480 sublata.

184 504 278 552 κῆρ’
299 502 395 542 enim
422 503 565 541 reticuit
589 502 751 550 Tacitus,
788 516 880 555 quae
908 517 953 542 ex
980 503 1126 543 Paulino
1155 518 1173 543 a
1202 504 1377 543 Britannis
1405 505 1633 551 timerentur,
1671 518 1713 543 ea
1749 506 1793 543 ab
1821 506 2116 543 obtrectatoribus
2144 506 2328 545 clarissimi
2356 506 2458 544 ducis

184 570 222 604 et
247 578 268 604 a
293 565 438 605 Nerone
464 579 548 606 esse
575 573 758 619 praetenta
784 569 1022 614 revocationi,
1060 568 1125 606 sed
1161 582 1278 620 neque
1314 569 1401 606 dura
1429 574 1486 606 est
1511 568 1589 616 talis
1616 569 1768 607 brevitas
1797 575 1833 608 et
1860 569 1935 607 sere
1963 569 2089 608 eadem
2117 576 2211 608 extat
2236 570 2275 608 A.
2309 571 2367 616 11,
2397 569 2456 609 19.

184 642 250 668 our
274 629 416 669 bostem
445 631 630 670 conciret?
667 632 766 682 ajunt
791 631 1006 670 Corbulonis
1034 633 1299 678 obtrectatores,
1328 634 1476 671 adversa
1504 634 1539 670 in
1567 633 1821 683 rempublicam
1841 646 1992 678 casura,
2030 635 2083 670 sin
2112 647 2285 684 prospere
2314 635 2459 684 egisset,
2517 682 2522 688 ι

184 692 458 733 formidolosum
485 695 563 747 paci
590 696 704 734 virum
732 696 910 747 insignem
939 701 975 734 et
1002 696 1128 747 ignavo
1157 696 1306 747 principi
1335 709 1574 747 praegravem.
1632 697 1781 747 igitur
1817 695 1983 735 Claudius
2020 697 2110 735 adeo
2145 711 2271 736 novam
2300 699 2334 736 in
2364 697 2457 736 Ger-

183 757 318 795 manias
344 758 416 795 vim
443 758 633 809 probibuit,
663 765 703 796 ut
728 760 854 797 referri
883 760 1058 810 praesidia
1088 761 1138 797 cis
1167 760 1329 797 Rhenum
1354 760 1506 810 juberet.

372 849 465 899 Agr.
490 850 545 889 1⁷.
598 849 641 887 Et
670 849 814 888 Cerialis
841 852 973 901 quidem
1010 852 1149 888 alterius
1184 852 1382 888 successoris
1414 862 1529 887 curam
1560 852 1752 900 famamque
1779 851 1959 893 obruisset,
1996 853 2313 901 sustinuitque
2339 853 2460 890 molem

181 910 293 951 Iulia
318 911 504 951 Frontinus
530 914 584 952 vir
609 927 751 964 magnus
779 920 940 965 quantum
966 916 1095 958 licebat,
1123 916 1332 965 validamque
1359 920 1390 952 et
1414 927 1599 964 pugnacem
1626 914 1779 953 Silurum
1802 921 1934 964 gentem
1961 917 2066 965 ermis
2092 917 2227 965 subegit.

374 977 436 1017 His
464 979 500 1017 in
527 979 656 1026 verbis,
684 992 775 1030 quae
803 980 984 1030 plerisque
1015 979 1210 1017 editoribus
1238 979 1362 1017 lacuna
1391 980 1464 1016 visa
1493 985 1575 1016 sunt
1603 979 1752 1024 foedata,
1783 979 1867 1017 nihil
1896 979 1990 1017 aliud
2019 993 2124 1030 quam
2144 993 2231 1031 quc
2254 967 2459 1030 particulam

182 1052 202 1079 a
229 1041 345 1081 scriba
373 1038 528 1095 quodam
566 1043 640 1082 sive
669 1044 777 1082 invito
806 1044 880 1082 sive
910 1044 1110 1095 corrigente
1149 1056 1230 1082 esse
1259 1056 1446 1094 perperam
1474 1042 1626 1081 additam
1655 1056 1770 1095 eoque
1800 1057 1820 1081 e
1849 1044 2038 1082 verborum
2066 1050 2235 1083 contextu
2265 1045 2458 1090 tollendam

181 1111 278 1156 puto.
335 1119 441 1158 quam
478 1108 538 1158 qui
576 1106 732 1145 servare*
754 1108 828 1145 vult
864 1108 1014 1145 Rothius
1041 1108 1122 1158 Agr.
1152 1119 1227 1145 exc.
1255 1107 1390 1144 XXVlll
1424 1107 1561 1144 docens
1589 1120 1659 1157 que
1688 1121 1760 1144 non
1788 1109 1884 1145 vices
1919 1114 2052 1145 tantum
2087 1121 2230 1159 quoque
2268 1109 2457 1159 particulae

183 1170 361 1209 sustinere
390 1172 435 1209 ita
463 1178 502 1209 ut
528 1173 564 1209 in
592 1171 859 1210 transitionibus
888 1172 981 1209 idem
1010 1172 1123 1209 valeat
1150 1184 1191 1209 ac
1219 1177 1380 1208 nostrum
1410 1171 1672 1221 „ingleichen“,
1708 1172 1773 1208 sed
1801 1173 1906 1209 etiam
1934 1172 2037 1223 plane
2066 1172 2159 1209 idem
2189 1172 2388 1223 significare
2417 1185 2458 1209 ac

182 1246 339 1285 quoque,
367 1235 453 1273 nihil
479 1235 616 1286 probat,
645 1241 815 1286 recteque
844 1236 1063 1274 recentiores
1092 1236 1248 1273 editores
1277 1248 1402 1273 omnes
1430 1236 1540 1279 locos,
1570 1248 1661 1286 quos
1689 1236 1820 1281 adtulit,
1848 1230 1988 1286 praeter
2015 1236 2053 1273 A.
2074 1235 2109 1281 3,
2129 1235 2190 1280 54,
2219 1236 2321 1286 cujus
2349 1237 2456 1286 longe

183 1297 248 1337 alia
275 1304 332 1337 est
359 1299 534 1345 condicio,
563 1299 752 1338 mutandos
782 1306 1009 1338 censuerunt.
1049 1300 1108 1350 qui
1137 1300 1262 1337 mutari
1291 1312 1360 1350 que
1379 1300 1501 1337 volunt
1525 1300 1559 1337 in
1580 1312 1786 1350 quoque,
1816 1313 1887 1338 non
1907 1300 2109 1338 adtulerunt
2128 1300 2298 1350 exempla,
2328 1300 2457 1350 quibus

181 1374 326 1412 quoque
347 1363 473 1401 eadem
492 1368 666 1413 potestate
686 1364 771 1414 poni
792 1375 833 1400 ac
855 1376 927 1400 non
953 1364 1068 1400 solum
1085 1385 1135 1390 --
1151 1363 1216 1399 sed
1245 1364 1348 1399 etiam
1377 1363 1575 1412 probarent.
1605 1363 1687 1412 lego
1707 1364 1812 1413 igitur
1840 1364 2052 1400 sustinuit
2079 1364 2209 1400 molem
2239 1370 2304 1400 cet.
2333 1376 2457 1401 verum

181 1431 265 1463 sunt
292 1426 326 1464 in
354 1426 410 1465 bis
438 1426 556 1465 verbis
584 1427 694 1477 plura,
723 1439 814 1478 quae
834 1427 961 1477 -paullo
990 1427 1245 1464 accuratiorem
1274 1426 1542 1476 explicationem
1571 1427 1760 1477 postulent.
1816 1440 1856 1464 ac
1894 1428 2046 1478 primum
2083 1428 2226 1477 quidem
2266 1428 2457 1465 offenditur

180 1487 329 1528 Wexius
347 1491 528 1530 vocabulis
548 1491 731 1529 alterius
750 1492 984 1529 successoris.
1013 1491 1160 1529 alterum
1182 1503 1429 1529 successorem
1451 1491 1544 1529 enim
1565 1503 1683 1542 neque
1707 1491 1838 1529 Julium
1860 1491 2064 1530 Frontinum
2090 1505 2171 1529 esse
2200 1504 2308 1542 posse
2338 1504 2456 1542 neque

181 1553 301 1591 inesse
331 1555 366 1590 in
394 1555 538 1592 alterius
565 1555 675 1592 verbo
713 1555 781 1591 vim
818 1555 1050 1592 attributivam
1085 1567 1189 1605 quam
1219 1554 1358 1599 dicunt,
1396 1560 1434 1591 ut
1470 1555 1514 1591 sit
1541 1554 1634 1591 idem
1663 1567 1703 1591 ac
1741 1555 1829 1592 alius
1859 1556 1879 1591 i.
1908 1568 1938 1593 e.
1968 1555 2067 1606 aliter
2097 1560 2330 1605 comparatus
2374 1567 2455 1592 esse

180 1617 327 1655 alterum
357 1631 606 1656 successorem
635 1620 750 1669 ipsum
778 1618 997 1669 Agricolam,
1027 1619 1087 1668 qui
1125 1618 1330 1656 Frontinum
1359 1619 1510 1669 primum
1538 1617 1682 1656 Cerialis
1717 1631 1965 1657 successorem
2000 1620 2189 1669 exceperit.
2231 1624 2266 1656 at
2295 1624 2391 1656 certe
2421 1619 2455 1656 in

180 1682 324 1720 alterius
352 1683 526 1720 vocabulo
555 1696 596 1720 ea
628 1684 719 1720 inest
746 1683 808 1727 vis,
838 1689 876 1719 ut
904 1683 949 1719 sit
977 1683 1133 1732 cujusvis
1161 1683 1249 1720 alius
1277 1682 1417 1732 praeter
1438 1682 1642 1719 Frontinum
1669 1683 1871 1732 efficiatque
1900 1683 2003 1720 talem
2033 1683 2262 1720 sententiam:
2292 1682 2458 1726 „Cerialis

180 1744 297 1783 haette
326 1747 451 1797 irgend
480 1747 581 1784 eines
610 1746 744 1783 andern
775 1746 1002 1796 nacht'olgers
1031 1745 1236 1796 thactigkeit
1263 1746 1335 1783 und
1365 1745 1466 1783 ruhm
1496 1745 1593 1783 nicht
1619 1745 1848 1783 aufkommen
1878 1746 2027 1783 lassen.“
2067 1746 2110 1783 cf.
2139 1751 2280 1796 praeter
2308 1745 2409 1782 locos
2437 1756 2455 1781 a

177 1810 364 1849 Walthero
385 1811 520 1849 adlatos
539 1811 663 1848 Tac.ll
682 1809 717 1856 ἱ),
733 1809 784 1849 90
813 1811 908 1848 Suet.
935 1810 1034 1848 Caes,
1061 1810 1104 1848 61
1139 1812 1242 1847 etiam
1271 1811 1309 1847 A.
1337 1810 1370 1855 1,
1399 1810 1444 1847 51
1480 1810 1555 1847 fore
1584 1816 1623 1847 ut
1645 1809 1875 1847 Germanicus
1901 1809 2030 1847 Caesar
2058 1810 2243 1859 imperium
2273 1810 2456 1847 alterius

178 1875 247 1924 pati
272 1875 444 1925 nequiret.
473 1874 513 1912 A.
544 1874 603 1919 15,
633 1873 683 1912 ‘25
719 1873 874 1911 Corbulo
905 1873 1082 1924 gerendae
1112 1874 1161 1911 rei
1191 1873 1402 1923 praeficitur,
1431 1887 1475 1911 ne
1505 1887 1557 1911 cu
1566 1873 1642 1923 jus
1676 1873 1879 1911 alterius
1914 1874 2050 1911 inscitia
2079 1887 2218 1910 rursum
2249 1878 2457 1923 peccaretur

179 1939 222 1975 ib.
250 1938 417 1989 Nipperd.
452 1938 540 1975 Plin.
578 1951 657 1989 pan.
687 1937 710 1975 Ξ
750 1938 960 1987 Quantoque
1000 1938 1116 1987 paullo
1155 1944 1234 1974 ante
1273 1944 1449 1974 concentu
1487 1937 1683 1974 formosum
1720 1938 1844 1983 alium,
1882 1938 1977 1974 hunc
2006 1937 2236 1974 fortissimum
2280 1942 2456 1987 personat,

178 2003 379 2053 quibusque
418 2003 607 2054 aliquando
646 2002 859 2040 clamoribus
895 2008 1034 2052 gestum
1073 2003 1275 2039 alterius
1313 2003 1362 2039 et'
1384 2015 1528 2046 vocem,
1566 2001 1672 2051 hujus
1709 2001 1955 2039 abstinentiam
1989 2001 2298 2040 mansuetudinem
2328 2001 2454 2039 laudat.

177 2067 274 2116 quod
305 2079 390 2104 vero
419 2067 567 2104 alterum
597 2065 744 2103 Cerialis
773 2079 1021 2103 successorem
1053 2072 1134 2115 post
1160 2066 1312 2115 primum
1338 2065 1542 2103 Frontinum
1572 2065 1694 2102 dicunt
1720 2065 1868 2103 Wexius
1897 2066 2029 2115 quique
2058 2065 2129 2102 hoc
2156 2065 2191 2102 in
2219 2065 2300 2102 loco
2330 2064 2455 2115 expla-

178 2131 296 2169 nando
335 2138 431 2169 totus
468 2145 511 2169 ex
554 2145 598 2169 eo
636 2131 769 2181 pendet
796 2130 946 2168 Kritzius
984 2131 1094 2168 fuisse
1124 2130 1340 2180 Agricolam,
1381 2130 1436 2167 cui
1475 2144 1617 2167 omnem
1656 2143 1774 2167 rerum
1808 2130 2025 2180 agendarum
2060 2130 2245 2179 famaeque
2279 2130 2454 2179 parandae

178 2196 316 2246 copiam
345 2200 532 2245 erepturus
553 2195 659 2231 fuerit
683 2193 838 2239 Cerialis,
867 2194 933 2230 nisi
957 2194 1142 2230 immaturo
1168 2194 1237 2231 sato
1265 2194 1412 2230 obiisset
1442 2193 1518 2243 (des
1539 2194 1686 2230 zweiten
1709 2194 1948 2244 nachfolgers)
1971 2206 2042 2230 non
2063 2194 2201 2230 videtur
2223 2193 2454 2243 probandum.

178 2261 309 2296 etenim
331 2260 375 2296 de
396 2259 582 2308 Agricolae
605 2258 709 2295 laude
733 2258 988 2301 detraheretur,
1018 2270 1146 2307 neque,
1176 2258 1356 2307 quomodo
1386 2257 1474 2293 haec
1503 2258 1607 2294 verba
1637 2271 1717 2294 cum
1747 2258 1798 2294 eis
1827 2270 1917 2307 quae
1946 2262 2143 2306 sequuntur
2172 2262 2454 2299 conceterentur,

176 2323 441 2374 intelligeretur.
497 2322 633 2360 diceret
661 2323 756 2359 enim
784 2322 943 2359 Tacitus:
982 2320 1148 2367 „Cerialis
1183 2321 1299 2359 haette
1328 2321 1489 2371 Agricola
1525 2321 1653 2358 keinen
1689 2334 1786 2359 raum
1816 2321 1872 2358 fiir
1900 2321 2017 2358 thaten
2048 2321 2120 2358 und
2149 2320 2252 2357 ruhm
2281 2320 2455 2370 gelassen,

175 2400 280 2425 wenn
310 2400 350 2425 er
377 2387 500 2438 langer
528 2386 647 2438 gelebt
676 2386 827 2424 haette.“
882 2398 1000 2436 neque
1030 2399 1114 2424 vero
1144 2386 1273 2436 excipit
1301 2398 1406 2436 quam
1435 2391 1601 2436 expectas
1630 2386 1823 2423 sententia:
1862 2385 1966 2431 „dass
2002 2384 2072 2422 ihm
2101 2384 2194 2422 noch
2224 2397 2321 2421 raum
2350 2383 2455 2428 blieb,

176 2452 256 2489 kam
285 2452 405 2496 daher,
432 2452 512 2488 weil
541 2452 686 2488 P'rontin
715 2450 814 2487 nicht
841 2451 888 2486 im
921 2451 1045 2487 stande
1074 2463 1154 2493 war,
1184 2451 1248 2486 des
1269 2450 1413 2486 Cerialis
1435 2450 1607 2486 entwiirfe
1628 2450 1888 2486 auszufiihren⁸⁸
1912 2450 1995 2486 sed:
2026 2450 2090 2486 der
2110 2449 2294 2485 schweren
2311 2448 2454 2498 kriegs—

175 2516 251 2562 last,
281 2516 338 2554 die
368 2515 511 2553 Cerialis
540 2515 622 2553 dem
653 2514 864 2565 nachfolger
892 2514 1150 2562 hinterliess')‚
1179 2527 1265 2559 war,
1301 2527 1341 2551 so
1371 2520 1433 2564 gut
1461 2527 1500 2551 es
1528 2513 1684 2564 moglich
1712 2527 1793 2559 war,
1823 2513 1967 2551 Frontin
1998 2512 2243 2564 gewachsen.“
2300 2512 2454 2562 denique

176 2581 205 2617 si
234 2586 273 2617 ut
300 2581 448 2617 Wexius
476 2579 565 2616 velle
595 2579 745 2623 videtur,
776 2578 966 2614 Frontinus
995 2591 1067 2614 non
1097 2578 1233 2628 legatus
1262 2591 1327 2627 pro
1356 2583 1518 2627 praetore
1548 2578 1751 2627 provinciae
1781 2577 1998 2621 Britanniae,
2037 2577 2101 2613 sed
2139 2577 2275 2626 legatus
2304 2576 2456 2626 legionis

176 2644 251 2689 fuit,
279 2643 444 2694 Agricola
473 2656 545 2680 non
574 2643 661 2680 alter
690 2641 835 2679 Cerialis
863 2655 1056 2679 successor
1085 2642 1148 2678 sed
1176 2642 1311 2691 primus
1349 2647 1423 2678 erat
1451 2641 1634 2678 dicendus.
1678 2647 1713 2678 at
1748 2654 1820 2678 non
1858 2646 1913 2678 est
1939 2641 2102 2690 Agricola
2139 2641 2173 2677 in
2212 2653 2256 2677 eo
2295 2652 2455 2682 numero,

176 2720 328 2758 quorum
357 2707 484 2745 famam
513 2706 657 2745 Cerialis
685 2705 875 2750 obruisset,
906 2705 970 2743 sed
1000 2718 1064 2743 eos
1093 2710 1226 2743 tantum
1259 2705 1421 2756 intelligit
1448 2705 1591 2743 alterius
1622 2705 1844 2743 successoris
1872 2704 2016 2742 nomine
2045 2704 2194 2748 Tacitus,
2224 2704 2283 2753 qui
2299 2701 2455 2740 Frontini

175 2770 255 2808 loco
285 2772 376 2809 inter
403 2770 548 2808 Cerialis
576 2777 612 2808 et
638 2770 825 2820 Agricolae
854 2770 1176 2806 administrationes
1204 2770 1421 2819 provinciam
1449 2781 1576 2819 regere
1604 2770 1814 2818 potuissent.
1844 2780 1934 2818 quae
1963 2774 2161 2818 sequuntur
2179 2767 2286 2804 verba
2315 2765 2454 2802 susti-

175 2836 268 2872 nuit
294 2835 443 2871 molem
471 2846 544 2871 non
573 2834 617 2871 de
648 2833 729 2871 belli
758 2833 1000 2883 magnitudine
1030 2838 1065 2870 et
1092 2832 1297 2870 difficultate
1327 2833 1418 2869 dicta
1446 2838 1538 2877 sunt,
1567 2845 1657 2883 quae
1686 2832 1925 2882 interpretatio
1952 2837 2026 2868 tum
2052 2831 2194 2868 demum
2217 2836 2340 2880 posset
2362 2828 2455 2871 ferri,

176 2900 204 2936 si
233 2911 305 2935 non
335 2898 552 2948 interpositis
580 2897 697 2935 verbis
727 2902 763 2934 et
790 2896 935 2934 Cerialis
964 2926 971 2933 .
1003 2926 1010 2933 .
1039 2926 1047 2934 .
1077 2897 1255 2934 obruisset
1287 2909 1306 2933 a
1339 2896 1422 2933 belli
1451 2896 1789 2933 commemoratione
1820 2896 1934 2932 statim
1962 2895 2243 2944 progrederetur
2271 2892 2382 2929 oratio
2411 2891 2456 2928 ad

175 2962 307 3000 molem
344 2961 427 2998 belli
463 2973 483 2998 a
519 2960 654 2998 Ceriale
693 2960 896 2997 successori
930 2960 1106 3004 relictam,
1145 2960 1207 2996 sed
1246 2959 1370 3004 moles,
1409 2960 1464 2996 cui
1502 2959 1731 3011 sustinendae
1760 2959 1903 2995 alterius
1939 2959 2032 2995 vires
2070 2958 2125 2994 vix
2163 2957 2314 2993 fuissent
2352 2967 2455 3005 pares

175 3026 232 3069 (cs.
261 3025 348 3065 Vell.
377 3024 413 3070 2,
443 3024 513 3062 131
548 3024 707 3068 Quorum
738 3024 897 3061 cervices
936 3030 1006 3060 tam
1044 3023 1179 3060 fortiter
1208 3023 1497 3060 sustinendo
1526 3028 1697 3060 terrarum
1726 3023 1822 3059 orbis
1853 3022 2001 3072 imperio
2030 3021 2219 3068 sufficiant)
2248 3018 2333 3055 nihil
2362 3018 2456 3055 aliud

175 3095 230 3127 est
257 3102 363 3140 quam
391 3087 536 3127 Cerialis
565 3088 694 3139 gloria,
732 3100 823 3138 quae
852 3092 945 3125 tanta
974 3087 1048 3132 fuit,
1087 3092 1126 3124 ut
1153 3087 1287 3125 strenui
1315 3087 1459 3137 quidem
1488 3086 1553 3125 sed
1581 3086 1772 3124 mediocris
1793 3086 1947 3123 hominis
1969 3097 2089 3122 curam
2111 3083 2328 3134 opprimeret
2351 3088 2456 3132 atque

175 3153 362 3198 obrueret;
392 3153 436 3190 cf.
465 3151 536 3190 Cic.
566 3151 638 3190 Cat.
669 3151 703 3197 1,
732 3150 783 3190 25
811 3151 875 3189 Vix
902 3151 1070 3189 molem
1099 3151 1200 3188 istius
1228 3151 1395 3196 invidiae,
1430 3151 1458 3188 si
1488 3151 1522 3188 in
1558 3150 1699 3187 exilium
1728 3149 1810 3187 ieris
1841 3149 1944 3200 jussu
1974 3148 2141 3193 consulis,
2176 3146 2454 3189 sustineb03

301 3322 324 3364 'J
346 3322 386 3354 ita
407 3322 486 3354 enim
509 3322 659 3364 explicant
679 3321 805 3354 Wexius
828 3325 858 3353 et
880 3320 1013 3353 Kritzius.
