2651 3500
1293 84 1318 124 6

354 210 554 261 agam.
583 210 1472 262 omaeaemce‚mmm1mm,
1501 171 1873 264 ahmam
1921 218 2445 296 mmoeemaqme

162 273 1271 324 mammona-mmmmm.

360 347 509 385 Wexius
536 348 733 404 rectissime
757 348 932 398 iudicavit
957 349 1127 394 Tacitum,
1157 349 1187 387 si
1214 350 1322 388 vellet
1348 350 1468 389 dicere
1497 357 1726 402 praeceptum
1754 353 1865 390 fuisse
1894 355 2027 399 nautis,
2056 360 2095 392 ut
2120 361 2253 393 tantum
2281 367 2326 393 eo
2353 368 2443 405 pro-

165 410 382 449 veherentur
408 410 504 449 unde
531 409 666 461 Thylen
694 399 929 462 dispicerent,
968 412 1079 450 fuisse
1108 412 1285 450 dicturum
1312 413 1421 464 Thyle
1450 421 1506 453 est
1533 414 1710 465 dispecta,
1748 415 1814 453 sed
1847 415 1945 466 quod
1979 416 2060 466 quia
2088 418 2291 467 particulam
2320 425 2444 458 censet

164 473 374 512 mutandam
411 473 446 511 in
484 474 565 519 sed,
603 474 638 511 ιιι
676 486 720 512 eo
757 473 895 513 fallitur
932 467 1024 513 ‘non
1058 475 1153 513 enim
1182 476 1264 527 quia
1292 477 1465 515 vocabulo
1495 477 1684 529 impeditur
1710 478 1778 515 loci
1808 478 2027 525 intellectus,
2065 480 2129 518 sed
2158 480 2243 518 falsa
2272 480 2442 519 hactenus

164 537 322 575 adverbii
351 539 649 587 interpretatione.
705 538 803 587 quod
830 539 890 576 ubi
919 552 992 576 non
1020 540 1089 577 loci
1118 540 1183 577 sed
1212 542 1343 590 gradus
1372 542 1629 591 significatione
1662 543 1845 591 acceperis
1873 544 2081 592 praeditum,
2110 557 2178 593 qua
2206 552 2263 582 est
2289 546 2443 595 positum

164 600 205 639 A.
233 599 270 647 2,
298 600 350 639 34
376 600 536 639 Tiberius
563 600 797 640 hactenus
835 602 1021 653 indulgere
1059 604 1159 641 matri
1199 603 1299 642 civile
1337 610 1442 651 ratus,
1481 611 1520 643 ut
1558 618 1597 644 se
1636 606 1764 643 iturum
1792 606 1836 644 ad
1865 606 2037 656 praetoris
2064 606 2214 645 tribunal
2241 608 2442 647 adfuturum

165 663 377 716 Urgulaniae
397 665 534 703 diceret
551 670 588 703 et
605 665 645 703 A.
667 664 727 710 12,
748 664 798 703 42
826 665 1065 704 Hactenus
1094 667 1252 705 Vitellius
1280 669 1448 713 voluerat,
1478 675 1515 707 ut
1542 670 1585 706 sit
1614 669 1690 715 „bis
1718 683 1760 707 zu
1789 670 1869 707 dem
1900 670 2018 720 grade,
2047 670 2100 708 bis
2129 684 2171 708 zu
2199 671 2281 709 dem
2302 677 2443 722 puncte,

165 728 330 773 soweit“,
372 741 463 779 quae
500 729 597 766 verbi
634 730 686 766 vis
723 730 930 767 narrationis
969 743 1107 767 conexu
1146 744 1218 768 non
1262 732 1476 769 deminuitur
1509 733 1572 769 sed
1601 738 1750 783 augetur
1779 746 1907 783 „sogar
1934 734 2094 778 soweiw,
2131 734 2233 783 plana
2262 741 2344 772 sunt
2371 736 2442 772 duo

130 807 134 811 ·
164 791 282 842 priora
310 793 506 830 sententiae
535 792 702 831 membra.
759 805 861 837 „man
890 793 1059 831 erblickte
1088 794 1178 831 auch
1206 794 1325 844 Thyle,
1353 795 1431 832 weil
1460 808 1567 845 sogar
1594 796 1719 833 soweit
1747 796 1814 833 der
1841 796 1978 847 austrag
2005 796 2080 834 sich
2109 802 2311 834 crstrecte“.
2350 811 2442 848 quae

164 861 364 906 sequuntur
405 856 511 893 verba
548 861 585 893 et
619 854 733 893 hiems
770 856 977 906 appetebat,
1016 857 1058 894 iis
1093 869 1200 894 causa
1228 859 1455 908 proponitur,
1502 871 1565 896 cur
1599 858 1817 909 dispexerint
1843 865 1977 897 tantum
2006 872 2077 897 non
2106 860 2256 897 adierint
2283 861 2443 899 insulam.

165 919 292 957 eadem
323 920 419 957 enim
447 919 703 970 significatione
733 925 769 957 et
795 921 962 970 particula
993 921 1151 963 effertur.
1180 935 1249 971 qua
1277 921 1306 958 H
1334 921 1369 966 2,
1399 922 1449 959 95
1478 922 1641 960 Nondum
1672 929 1817 972 quartus
1845 936 1863 960 a
1893 924 2035 961 victoria
2064 924 2196 961 mensis
2225 930 2270 961 et
2297 924 2443 963 libertus

165 981 280 1021 Vitelii
298 982 472 1021 Asiaticus
490 982 680 1034 Polyclitos
710 1013 716 1020 .
748 1014 754 1020 .
784 983 966 1035 aequabat.
996 983 1033 1021 A.
1057 983 1091 1029 4,
1112 983 1161 1022 25
1182 984 1366 1036 Simulque
1387 991 1535 1037 coeptus
1562 985 1638 1023 dics
1667 993 1710 1023 et
1735 1016 1766 1024 ..
1789 986 1934 1024 aderant
1954 988 2191 1026 semisomnos
2210 988 2244 1025 in
2264 987 2442 1025 barbaros.

165 1047 210 1084 cs.
238 1046 269 1084 H
296 1046 332 1092 3,
362 1047 422 1085 10.
476 1046 576 1085 Caes.
605 1047 637 1084 b.
668 1061 696 1084 c.
727 1047 768 1092 5,
797 1047 838 1092 9,
876 1047 899 1085 8
927 1048 1075 1098 Jamque
1113 1048 1228 1086 hiems
1263 1050 1584 1099 appropinquabat,
1627 1056 1671 1087 et
1699 1079 1706 1087 .
1737 1080 1743 1087 .
1773 1049 1938 1088 Octavius
1968 1081 1974 1086 .
2006 1081 2012 1087 .
2043 1064 2123 1088 sese
2162 1052 2204 1088 ad
2234 1051 2444 1101 Pompejum

165 1111 310 1160 recepit.
366 1110 442 1148 Plin
471 1124 526 1161 ep.
557 1110 591 1155 G,
621 1110 683 1156 20,
713 1110 763 1148 14‘
792 1111 853 1148 Vix
882 1112 1149 1149 consideramus
1179 1118 1224 1149 et
1251 1125 1340 1157 nox,
1375 1126 1447 1149 non
1475 1113 1588 1162 qualis
1618 1114 1747 1151 inlunis
1775 1119 1835 1150 aut
1861 1114 1997 1158 nubila,
2041 1115 2105 1151 sed
2123 1115 2255 1164 -qualis
2291 1103 2326 1151 in
2354 1115 2442 1152 locis

166 1172 296 1212 clausis
323 1174 456 1212 lumine
484 1174 648 1212 extincto.
705 1174 738 1212 ib
767 1173 802 1219 5,
832 1173 891 1220 15,
929 1173 951 1212 8
987 1173 1092 1212 Pauci
1122 1175 1198 1212 dies
1233 1180 1278 1212 et
1305 1175 1393 1213 liber
1421 1176 1588 1227 principis
1616 1189 1763 1214 severus
1791 1182 1827 1214 et
1854 1182 1970 1215 tamen
1990 1177 2214 1224 moderatus,
2244 1184 2282 1216 ut
2308 1182 2444 1216 tantum

165 1243 239 1275 arte
268 1238 462 1275 cohaerere
491 1238 580 1275 duas
609 1240 802 1277 sententias
831 1239 1023 1289 significet,
1061 1251 1211 1288 quarum
1250 1240 1356 1276 altera
1394 1252 1431 1276 re
1469 1253 1550 1276 vera
1585 1241 1757 1277 indicatur
1784 1247 1925 1290 tempus
1953 1253 2025 1290 quo
2055 1242 2212 1278 evenerit
2240 1254 2298 1278 res
2326 1242 2443 1291 priore

166 1314 346 1352 expressa,
370 1303 465 1347 „und
490 1302 567 1340 da.“
586 1316 632 1341 ne
656 1309 773 1341 autem
798 1303 982 1340 desideres
1006 1303 1211 1353 particulam
1236 1303 1387 1353 aliquam
1411 1304 1642 1354 temporalem
1667 1304 1710 1341 ad
1735 1304 1892 1354 dispecta
1918 1310 1974 1342 est
2000 1305 2207 1354 adpositam,
2238 1305 2445 1343 consideres

165 1378 302 1417 quaeso
330 1367 400 1404 vim
428 1367 526 1405 verbi
554 1367 739 1418 dispicere.
776 1367 873 1418 quod
901 1380 982 1403 cum
1011 1358 1061 1404 sit
1084 1367 1292 1412 „intenta
1320 1368 1375 1405 vel
1405 1368 1588 1405 oculorum
1616 1368 1671 1405 vel
1700 1368 1829 1406 mentis
1848 1368 1923 1405 acie
1944 1368 2086 1406 videre“
2106 1368 2233 1417 (Kritz.)
2254 1381 2326 1406 non
2351 1382 2442 1419 opus

166 1436 243 1468 erat
265 1431 338 1480 jam
366 1432 421 1468 vel
449 1432 551 1468 aliam
580 1431 740 1468 voculam
768 1431 912 1468 addere.
940 1432 1059 1480 itaque
1088 1431 1157 1468 hoc
1186 1432 1405 1468 enuntiatum
1434 1433 1477 1468 ad
1506 1433 1716 1469 sententiam
1745 1433 1942 1481 primariam
1972 1433 2199 1469 referendum
2229 1446 2270 1469 ac
2294 1433 2348 1469 his
2368 1434 2443 1471 fere

166 1495 278 1533 nostri
307 1495 484 1533 sermonis
512 1494 630 1533 verbis
659 1494 882 1533 reddendum
910 1499 1015 1545 puto:
1060 1508 1163 1540 „man
1192 1495 1361 1533 erblickte
1387 1495 1480 1545 ‚auch
1508 1495 1626 1546 Thyle,
1655 1496 1733 1534 weil
1763 1527 1769 1533 .
1801 1528 1807 1533 .
1838 1495 2047 1541 erstreckte,
2087 1496 2159 1534 und
2193 1496 2237 1534 da
2273 1496 2351 1534 kam
2381 1496 2445 1534 der

165 1558 324 1596 winter.“
360 1571 478 1609 neque
508 1560 652 1596 omnino
682 1559 799 1609 inepte
828 1558 920 1596 hanc
948 1560 1102 1609 quodam
1133 1559 1239 1597 modo
1270 1565 1411 1609 poetam
1442 1560 1660 1597 redolentem
1690 1572 1816 1597 causac
1855 1559 2168 1610 significationem,
2207 1560 2338 1609 quippe
2377 1572 2446 1609 qua

168 1623 270 1671 quasi
297 1621 577 1670 ἀπροσδόκητον
612 1623 742 1671 aliquid
771 1623 951 1666 inferatur,
982 1636 1062 1659 esse
1092 1623 1281 1659 adhibitam
1311 1624 1482 1672 intelliget
1510 1624 1540 1659 is
1567 1624 1625 1672 qui
1655 1624 1847 1672 legentium
1877 1623 2102 1672 cupiditatem
2131 1623 2261 1671 aliquid
2289 1624 2369 1659 novi
2401 1624 2445 1659 de

168 1684 333 1723 fabulosa
360 1685 416 1723 illa
448 1686 561 1724 insula
587 1686 753 1724 audiendi
791 1686 856 1724 sibi
890 1687 1127 1736 proposuerit.
1183 1699 1252 1736 qua
1290 1699 1370 1724 cum
1412 1699 1476 1736 spe
1515 1692 1636 1724 essent
1672 1686 1819 1736 dejecti,
1853 1686 1982 1735 justam
2021 1686 2173 1724 omissae
2211 1685 2445 1736 expeditionis

170 1761 313 1787 causam
341 1750 576 1800 requirebant.
615 1763 705 1800 quae
735 1756 770 1787 et
795 1762 835 1786 ea
855 1750 1050 1799 justissima
1078 1750 1258 1800 proposita
1288 1756 1343 1786 est
1370 1751 1425 1794 ita,
1454 1756 1492 1787 ut
1520 1751 1619 1800 quasi
1647 1750 1793 1787 naturali
1823 1750 1977 1800 quodam
2006 1750 2146 1786 vinculo
2175 1762 2255 1786 cum
2285 1749 2443 1798 dispecta

167 1812 277 1862 Thyle
305 1826 387 1851 esse
416 1826 495 1850 eam
523 1814 749 1862 conjunctam
779 1813 961 1850 indicetur.
1005 1813 1042 1849 ln
1071 1814 1240 1862 proximis
1269 1814 1385 1850 verbis
1413 1814 1561 1850 Wexius
1591 1827 1629 1850 se
1658 1814 1807 1862 adsequi
1835 1819 1956 1862 negat,
1991 1826 2060 1862 qua
2089 1814 2119 1848 vi
2149 1814 2193 1850 sit
2228 1813 2341 1861 posita
2369 1812 2447 1848 sed

167 1876 347 1926 particula.
394 1877 429 1913 in
465 1889 506 1913 ea
541 1882 637 1913 certe
671 1877 755 1913 nihil
790 1882 845 1913 est
872 1876 1113 1913 haesitationis
1143 1876 1377 1926 perpendenti
1414 1877 1665 1914 sententiarum
1696 1876 1866 1913 ordinem.
1914 1876 2077 1925 exposuit
2104 1875 2242 1912 Tacitus
2278 1875 2323 1911 de
2356 1880 2447 1911 terra

168 1939 346 1978 Britannia
380 1947 416 1978 et
449 1941 493 1978 de
523 1941 646 1978 insulis
676 1941 808 1978 circum
838 1941 923 1978 sitis,
979 1940 1206 1990 progreditur
1234 1954 1252 1977 a
1281 1946 1372 1977 terra
1401 1940 1445 1977 ad
1474 1953 1569 1978 mare
1599 1939 1796 1978 Britanniae
1826 1940 1868 1977 ab
1898 1940 2152 1989 septemtrione
2182 1939 2445 1991 circumfusum.

167 2016 238 2055 qua
267 2005 303 2042 in
332 2005 584 2056 progrediente
619 2005 817 2042 narratione
847 2005 911 2040 sed
941 2004 1145 2054 particulam
1175 2017 1278 2041 suum
1308 2004 1468 2041 obtinere
1497 2004 1631 2049 locum,
1670 2004 1875 2055 praesertim
1914 2004 1942 2040 si
1981 2003 2023 2040 ad
2053 2016 2127 2040 rem
2157 2003 2310 2054 quodam
2339 2002 2446 2039 modo

168 2070 221 2114 ei,
258 2071 304 2106 de
333 2083 401 2119 qua
429 2070 562 2106 dictum
592 2076 655 2112 est,
685 2070 895 2106 contrariam
924 2069 979 2105 vel
1007 2070 1125 2118 potius
1154 2069 1330 2106 diversam
1359 2069 1566 2118 producitur
1594 2070 1716 2113 oratio,
1746 2069 1836 2105 adeo
1866 2075 1921 2105 cst
1948 2074 2071 2105 notum
2101 2074 2138 2104 ut
2165 2081 2278 2117 paene
2308 2067 2447 2104 taedeat

169 2133 354 2184 adponere
383 2134 554 2184 exempla.
582 2133 663 2184 Agr.
693 2132 715 2171 8
751 2132 852 2171 Brevi
882 2132 1011 2171 deinde
1041 2133 1216 2171 Britannia
1245 2133 1470 2171 consularem
1499 2132 1660 2170 Petilium
1686 2132 1857 2170 Cerialem
1887 2132 2032 2182 accepit.
2075 2131 2274 2169 habuerunt
2301 2131 2446 2168 virtutes

170 2198 323 2248 spatium
351 2198 605 2247 exemplorum.
627 2227 630 2231 .
649 2197 729 2233 sed
759 2197 872 2246 primo
901 2196 1044 2233 Cerialis
1073 2197 1212 2233 labores
1241 2196 1348 2232 modo
1378 2202 1414 2233 et
1442 2197 1642 2233 discrimina
1671 2209 1754 2232 mox
1782 2202 1817 2232 et
1846 2196 1991 2245 gloriam
2021 2195 2310 2231 communicabat.

364 2262 519 2311 denique
548 2261 708 2310 proinde,
737 2261 834 2310 quod
864 2273 1076 2309 quamquam
1106 2262 1139 2297 in
1171 2261 1354 2297 codicibus
1384 2266 1493 2304 extat,
1533 2273 1658 2297 omnes
1687 2260 1842 2297 editores
1872 2261 1906 2296 in
1939 2259 2087 2309 perinde
2117 2264 2312 2301 mutarunt,
2351 2263 2446 2294 recte

170 2324 308 2362 videtur
337 2325 526 2362 retinuisse
556 2324 715 2368 Kritzius,
745 2336 822 2361 eam
852 2324 1062 2361 sententiam
1092 2336 1172 2361 esse
1202 2323 1389 2360 verborum
1426 2324 1581 2367 docem,
1620 2329 1656 2360 ut
1691 2323 1883 2367 indicetur,
1922 2335 2016 2360 mare
2053 2335 2144 2366 „non
2184 2322 2297 2359 statim
2336 2321 2448 2357 ventis

170 2389 316 2433 moveri,
346 2388 410 2426 sed
439 2389 582 2425 demum
612 2394 800 2439 postquam
828 2387 1041 2438 aliquamdiu
1072 2388 1261 2438 impulsum
1292 2387 1345 2432 sit,
1375 2385 1540 2424 fluctibus
1570 2387 1684 2423 cieri.“
1705 2387 1725 2433 ’,ι

360 2485 455 2534 Agr.
482 2486 530 2522 u.
588 2484 623 2520 In
650 2485 842 2521 universum
869 2489 979 2520 tamen
1007 2485 1197 2520 uestimenta
1227 2482 1339 2520 Gallos
1367 2484 1511 2520 vicinam
1540 2484 1684 2519 insulam
1713 2495 1888 2531 occupasse
1917 2484 2072 2519 credibile
2109 2487 2164 2518 esl.
2202 2493 2317 2517 eorum
2353 2493 2450 2518 sacra

170 2549 398 2597 deprehendas
425 2550 812 2597 superstitionum
837 2549 1159 2596 persuasione,
1198 2560 1306 2583 sermo
1343 2548 1435 2583 haud
1468 2548 1610 2583 multum
1637 2549 1804 2589 diversus,
1844 2549 1879 2583 ιἰι
1912 2547 2123 2594 deposcendis
2150 2546 2308 2593 periculis
2335 2547 2449 2582 eadem

173 2614 317 2650 audacia
346 2619 377 2650 et
404 2614 459 2650 ubi
488 2614 649 2650 advenere
675 2614 789 2650 eadem
813 2613 969 2660 formido.

365 2685 481 2723 Wexii
520 2686 664 2737 quidem
703 2686 965 2723 criminationes
1003 2686 1197 2736 scripturae
1236 2686 1270 2722 in
1309 2685 1491 2722 codicibus
1530 2691 1686 2722 servatae
1721 2698 1793 2722 non
1823 2686 1900 2722 sine
1930 2684 2044 2734 aliqua
2073 2684 2143 2721 veri
2174 2684 2293 2733 specie
2324 2682 2450 2720 refellit

171 2750 344 2794 Rothius;
373 2750 438 2786 sed
466 2750 534 2787 alio
556 2751 700 2787 nomine
720 2763 760 2786 ac
779 2750 906 2787 Wexio
926 2750 1011 2786 mibi
1031 2755 1196 2798 suspecta
1222 2754 1304 2786 sunt
1328 2749 1434 2785 verba
1459 2749 1748 2798 superstitionum
1769 2749 2012 2798 persuasione.
2037 2748 2147 2784 tribus
2172 2747 2278 2783 rebus
2300 2746 2449 2795 probare

171 2814 246 2852 vult
272 2813 431 2860 Tacitus,
468 2814 667 2852 Britanniae
697 2814 830 2852 incolas
858 2826 902 2852 ex
930 2812 1036 2851 Gallia
1065 2826 1147 2851 esse
1176 2819 1416 2858 transvectos,
1460 2812 1687 2850 similitudine
1716 2825 1834 2850 rerum
1863 2812 2078 2856 divinarum,
2116 2811 2277 2861 linquae,
2321 2808 2449 2846 indolis

171 2882 278 2928 atque
309 2878 452 2927 ingenii.
495 2882 600 2927 atque
629 2878 739 2914 altero
769 2883 805 2914 et
831 2878 934 2914 tertio
962 2877 1124 2914 membro
1159 2877 1249 2914 duae
1287 2889 1367 2921 res,
1409 2889 1500 2926 quae
1538 2878 1572 2913 in
1611 2875 1716 2913 Gallis
1755 2876 2001 2925 Britannisque
2039 2881 2122 2912 sunt
2160 2874 2312 2914 similes,
2355 2872 2449 2909 nude

172 2941 380 2986 efferuntur,
409 2947 447 2979 ut
470 2954 577 2993 aegre
605 2941 690 2979 mihi
718 2941 952 2992 persuadeam
981 2942 1095 2991 primo
1124 2940 1305 2985 membro,
1344 2940 1440 2991 quod
1468 2942 1506 2977 ἐκ
1532 2937 1762 2988 παραλλήλου
1792 2945 1847 2977 est
1874 2940 2038 2990 positum,
2067 2944 2208 2990 praeter
2236 2937 2346 2987 ipsam
2377 2948 2451 2973 rem

172 3005 325 3044 similem
355 3018 437 3044 esse
466 3006 655 3057 quicquam
685 3005 840 3051 inlatum,
869 3017 1016 3056 prorsus
1046 3004 1251 3042 incredibile
1280 3004 1455 3049 videatur,
1485 3016 1638 3048 causam,
1668 3017 1731 3042 cur
1759 3004 1883 3041 eadem
1914 3005 1948 3041 in
1973 3003 2148 3040 Britannia
2171 3013 2262 3051 quac
2287 3001 2321 3037 in
2345 2999 2451 3038 Gallia

299 3174 432 3221 ιγ’(ὶιιιο
455 3183 558 3211 contra
581 3180 654 3211 dixit
676 3180 904 3211 Schocmannus
927 3180 986 3211 ind.
1010 3180 1105 3211 schol.
1137 3180 1298 3222 Gryphisw.
1325 3181 1406 3212 1859
1430 3191 1456 3221 p.
1482 3183 1501 3211 8
1525 3190 1565 3211 ss.
1588 3191 1622 3211 ea
1646 3180 1744 3220 magni
1769 3180 1889 3220 quidem
1912 3183 1980 3210 sunt
2004 3178 2157 3215 momenti,
2181 3178 2234 3208 sed
2258 3177 2356 3211 Kritzii
2379 3176 2451 3207 rati-

351 3244 442 3265 onem
464 3237 623 3274 propterea
646 3236 719 3274 puto
741 3243 834 3274 posse
857 3233 985 3274 probari,
1008 3233 1076 3275 quia
1097 3234 1223 3275 proinde
1247 3233 1420 3265 adverbium
1443 3234 1480 3265 ad
1503 3234 1655 3274 vulgarem
1679 3233 1737 3263 vim
1759 3243 1813 3274 per
1835 3232 2083 3273 significationem
2105 3241 2121 3262 a
2145 3231 2253 3262 Kritzio
2276 3230 2452 3261 vindicatam

351 3285 547 3318 descendisse
569 3289 658 3328 patet,
681 3289 713 3317 et
733 3286 802 3328 quia
823 3285 959 3327 primaria
982 3286 1029 3317 illa
1051 3286 1188 3318 vocabuli
1217 3286 1262 3318 vis
1286 3286 1372 3317 unice
1397 3286 1538 3317 convenit
1559 3295 1628 3317 cum
1651 3286 1749 3317 verbis
1772 3284 1999 3327 insequentibus
2022 3284 2076 3315 sed
2093 3284 2240 3326 profunda
2262 3283 2358 3314 moles
2374 3290 2452 3312 con-

350 3340 424 3371 tinui
445 3340 535 3371 maris
558 3340 714 3371 tardius
737 3340 902 3381 impellitur.
