<?xml version="1.0" encoding="UTF-8"?>
<!DOCTYPE html PUBLIC "-//W3C//DTD XHTML 1.0 Transitional//EN"
    "http://www.w3.org/TR/xhtml1/DTD/xhtml1-transitional.dtd">
<html xmlns="http://www.w3.org/1999/xhtml" xml:lang="en" lang="en">
 <head>
  <title>
</title>
<meta http-equiv="Content-Type" content="text/html;charset=utf-8" />
  <meta name='ocr-system' content='tesseract 3.04.00' />
  <meta name='ocr-capabilities' content='ocr_page ocr_carea ocr_par ocr_line ocrx_word'/>
</head>
<body>
  <div class='ocr_page' id='page_1' title='image "4768532_0023.png"; bbox 0 0 2651 3500; ppageno 0'>
   <div class='ocr_carea' id='block_1_1' title="bbox 1149 132 1402 139">
    <p class='ocr_par' dir='ltr' id='par_1_1' title="bbox 1149 132 1402 139">
     <span class='ocr_line' id='line_1_1' title="bbox 1149 132 1402 139; baseline 0 0"><span class='ocrx_word' id='word_1_1' title='bbox 1149 132 1402 139; x_wconf 95' lang='lat' dir='ltr'> </span> 
     </span>
    </p>
   </div>
   <div class='ocr_carea' id='block_1_2' title="bbox 136 62 2418 511">
    <p class='ocr_par' dir='ltr' id='par_1_2' title="bbox 136 62 2418 511">
     <span class='ocr_line' id='line_1_2' title="bbox 1168 62 1299 115; baseline 0 0"><span class='ocrx_word' id='word_1_2' title='bbox 1168 62 1179 70; x_wconf 68' lang='grc'><strong>“</strong></span> <span class='ocrx_word' id='word_1_3' title='bbox 1248 74 1299 115; x_wconf 69' lang='grc' dir='ltr'><strong>ω</strong></span> 
     </span>
     <span class='ocr_line' id='line_1_3' title="bbox 136 201 2418 263; baseline -0.004 -13"><span class='ocrx_word' id='word_1_4' title='bbox 136 216 243 263; x_wconf 66' lang='lat' dir='ltr'>aque</span> <span class='ocrx_word' id='word_1_5' title='bbox 269 232 322 241; x_wconf 91' lang='lat'>-</span> <span class='ocrx_word' id='word_1_6' title='bbox 348 222 413 262; x_wconf 86' lang='lat' dir='ltr'>pro</span> <span class='ocrx_word' id='word_1_7' title='bbox 440 201 630 259; x_wconf 71' lang='lat' dir='ltr'>magnifico</span> <span class='ocrx_word' id='word_1_8' title='bbox 658 211 724 252; x_wconf 86' lang='lat' dir='ltr'>est,</span> <span class='ocrx_word' id='word_1_9' title='bbox 751 217 825 257; x_wconf 85' lang='lat' dir='ltr'>quo</span> <span class='ocrx_word' id='word_1_10' title='bbox 850 204 1059 252; x_wconf 80' lang='lat' dir='ltr'>referantur.</span> <span class='ocrx_word' id='word_1_11' title='bbox 1095 203 1302 257; x_wconf 70' lang='lat' dir='ltr'>generalem</span> <span class='ocrx_word' id='word_1_12' title='bbox 1327 204 1426 242; x_wconf 88' lang='lat' dir='ltr'>enim</span> <span class='ocrx_word' id='word_1_13' title='bbox 1455 204 1667 243; x_wconf 76' lang='lat' dir='ltr'>sententiam</span> <span class='ocrx_word' id='word_1_14' title='bbox 1694 205 1855 255; x_wconf 74' lang='lat' dir='ltr'>ignotum</span> <span class='ocrx_word' id='word_1_15' title='bbox 1883 215 1952 255; x_wconf 81' lang='lat' dir='ltr'>pre</span> <span class='ocrx_word' id='word_1_16' title='bbox 1976 202 2167 254; x_wconf 73' lang='lat' dir='ltr'>magnifico</span> <span class='ocrx_word' id='word_1_17' title='bbox 2194 207 2254 242; x_wconf 74' lang='lat' dir='ltr'>est</span> <span class='ocrx_word' id='word_1_18' title='bbox 2268 201 2418 243; x_wconf 53' lang='lat' dir='ltr'>a&amp;</span> 
     </span>
     <span class='ocr_line' id='line_1_4' title="bbox 138 266 2414 328; baseline -0.004 -13"><span class='ocrx_word' id='word_1_19' title='bbox 138 274 309 328; x_wconf 76' lang='lat' dir='ltr'>Calgacus</span> <span class='ocrx_word' id='word_1_20' title='bbox 344 274 391 312; x_wconf 86' lang='lat' dir='ltr'>de</span> <span class='ocrx_word' id='word_1_21' title='bbox 417 270 616 317; x_wconf 74' lang='lat' dir='ltr'>Britannia,</span> <span class='ocrx_word' id='word_1_22' title='bbox 652 282 765 321; x_wconf 80' lang='lat' dir='ltr'>quae,</span> <span class='ocrx_word' id='word_1_23' title='bbox 798 282 880 308; x_wconf 88' lang='lat' dir='ltr'>cum</span> <span class='ocrx_word' id='word_1_24' title='bbox 915 269 960 308; x_wconf 87' lang='lat' dir='ltr'>ad</span> <span class='ocrx_word' id='word_1_25' title='bbox 996 269 1033 308; x_wconf 89' lang='lat' dir='ltr'>id</span> <span class='ocrx_word' id='word_1_26' title='bbox 1066 274 1208 321; x_wconf 81' lang='lat' dir='ltr'>tempus</span> <span class='ocrx_word' id='word_1_27' title='bbox 1234 273 1563 320; x_wconf 76' lang='lat' dir='ltr'>magnampartem</span> <span class='ocrx_word' id='word_1_28' title='bbox 1589 268 1698 307; x_wconf 65' lang='lat' dir='ltr'>inierit</span> <span class='ocrx_word' id='word_1_29' title='bbox 1722 267 1902 319; x_wconf 73' lang='lat' dir='ltr'>incognita</span> <span class='ocrx_word' id='word_1_30' title='bbox 1938 273 2085 319; x_wconf 84' lang='lat' dir='ltr'>propter</span> <span class='ocrx_word' id='word_1_31' title='bbox 2118 266 2414 319; x_wconf 56' lang='lat' dir='ltr'>longinquan-</span> 
     </span>
     <span class='ocr_line' id='line_1_5' title="bbox 140 330 2415 392; baseline -0.004 -14"><span class='ocrx_word' id='word_1_32' title='bbox 140 340 324 391; x_wconf 80' lang='lat' dir='ltr'>regionum</span> <span class='ocrx_word' id='word_1_33' title='bbox 353 342 389 375; x_wconf 88' lang='lat' dir='ltr'>et</span> <span class='ocrx_word' id='word_1_34' title='bbox 414 334 610 374; x_wconf 88' lang='lat' dir='ltr'>incolarum</span> <span class='ocrx_word' id='word_1_35' title='bbox 636 339 790 379; x_wconf 86' lang='lat' dir='ltr'>metum,</span> <span class='ocrx_word' id='word_1_36' title='bbox 827 339 902 372; x_wconf 90' lang='lat' dir='ltr'>tum</span> <span class='ocrx_word' id='word_1_37' title='bbox 928 332 1116 384; x_wconf 77' lang='lat' dir='ltr'>Agricolae</span> <span class='ocrx_word' id='word_1_38' title='bbox 1143 331 1430 384; x_wconf 76' lang='lat' dir='ltr'>expeditionibus</span> <span class='ocrx_word' id='word_1_39' title='bbox 1456 332 1630 383; x_wconf 78' lang='lat' dir='ltr'>patefacta</span> <span class='ocrx_word' id='word_1_40' title='bbox 1656 336 1764 392; x_wconf 76' lang='lat' dir='ltr'>atque</span> <span class='ocrx_word' id='word_1_41' title='bbox 1787 332 1861 382; x_wconf 75' lang='lat' dir='ltr'>jam</span> <span class='ocrx_word' id='word_1_42' title='bbox 1888 344 1962 370; x_wconf 90' lang='lat' dir='ltr'>non</span> <span class='ocrx_word' id='word_1_43' title='bbox 1998 331 2177 382; x_wconf 76' lang='lat' dir='ltr'>incognita</span> <span class='ocrx_word' id='word_1_44' title='bbox 2212 330 2321 369; x_wconf 78' lang='lat' dir='ltr'>desiit</span> <span class='ocrx_word' id='word_1_45' title='bbox 2344 342 2415 383; x_wconf 66' lang='lat' dir='ltr'>pr·</span> 
     </span>
     <span class='ocr_line' id='line_1_6' title="bbox 140 394 2414 455; baseline -0.004 -14"><span class='ocrx_word' id='word_1_46' title='bbox 140 402 327 455; x_wconf 78' lang='lat' dir='ltr'>magnifico</span> <span class='ocrx_word' id='word_1_47' title='bbox 354 399 487 437; x_wconf 84' lang='lat' dir='ltr'>haberi.</span> <span class='ocrx_word' id='word_1_48' title='bbox 512 451 515 453; x_wconf 8' lang='grc' dir='ltr'>μ</span> <span class='ocrx_word' id='word_1_49' title='bbox 542 398 674 450; x_wconf 86' lang='lat' dir='ltr'>optime</span> <span class='ocrx_word' id='word_1_50' title='bbox 711 397 817 448; x_wconf 81' lang='lat' dir='ltr'>igitur</span> <span class='ocrx_word' id='word_1_51' title='bbox 853 397 1021 435; x_wconf 89' lang='lat' dir='ltr'>convenit</span> <span class='ocrx_word' id='word_1_52' title='bbox 1053 395 1144 434; x_wconf 87' lang='lat' dir='ltr'>haec</span> <span class='ocrx_word' id='word_1_53' title='bbox 1180 396 1355 434; x_wconf 84' lang='lat' dir='ltr'>sententia</span> <span class='ocrx_word' id='word_1_54' title='bbox 1388 408 1470 433; x_wconf 89' lang='lat' dir='ltr'>cum</span> <span class='ocrx_word' id='word_1_55' title='bbox 1498 396 1665 434; x_wconf 83' lang='lat' dir='ltr'>extremis</span> <span class='ocrx_word' id='word_1_56' title='bbox 1692 401 1866 433; x_wconf 86' lang='lat' dir='ltr'>terrarum</span> <span class='ocrx_word' id='word_1_57' title='bbox 1892 407 1936 433; x_wconf 82' lang='lat' dir='ltr'>ac</span> <span class='ocrx_word' id='word_1_58' title='bbox 1961 394 2131 433; x_wconf 75' lang='lat' dir='ltr'>libertatis</span> <span class='ocrx_word' id='word_1_59' title='bbox 2157 405 2306 432; x_wconf 87' lang='lat' dir='ltr'>recessu</span> <span class='ocrx_word' id='word_1_60' title='bbox 2332 394 2414 447; x_wconf 72' lang='lat' dir='ltr'>ipso</span> 
     </span>
     <span class='ocr_line' id='line_1_7' title="bbox 139 459 2415 511; baseline -0.004 -7"><span class='ocrx_word' id='word_1_61' title='bbox 139 480 181 505; x_wconf 91' lang='lat' dir='ltr'>ac</span> <span class='ocrx_word' id='word_1_62' title='bbox 208 467 288 504; x_wconf 87' lang='lat' dir='ltr'>sinu</span> <span class='ocrx_word' id='word_1_63' title='bbox 317 464 430 501; x_wconf 76' lang='lat' dir='ltr'>famae</span> <span class='ocrx_word' id='word_1_64' title='bbox 459 462 638 507; x_wconf 79' lang='lat' dir='ltr'>defensis3</span> <span class='ocrx_word' id='word_1_65' title='bbox 675 473 794 511; x_wconf 88' lang='lat' dir='ltr'>neque</span> <span class='ocrx_word' id='word_1_66' title='bbox 831 461 917 510; x_wconf 88' lang='lat' dir='ltr'>quid</span> <span class='ocrx_word' id='word_1_67' title='bbox 952 460 1066 498; x_wconf 88' lang='lat' dir='ltr'>valeat</span> <span class='ocrx_word' id='word_1_68' title='bbox 1098 460 1181 498; x_wconf 88' lang='lat' dir='ltr'>sed</span> <span class='ocrx_word' id='word_1_69' title='bbox 1214 460 1309 498; x_wconf 90' lang='lat' dir='ltr'>nulla</span> <span class='ocrx_word' id='word_1_70' title='bbox 1332 460 1405 509; x_wconf 84' lang='lat' dir='ltr'>jam</span> <span class='ocrx_word' id='word_1_71' title='bbox 1433 460 1522 497; x_wconf 86' lang='lat' dir='ltr'>ultra</span> <span class='ocrx_word' id='word_1_72' title='bbox 1551 472 1661 511; x_wconf 82' lang='lat' dir='ltr'>gens,</span> <span class='ocrx_word' id='word_1_73' title='bbox 1700 459 1847 497; x_wconf 88' lang='lat' dir='ltr'>dubium</span> <span class='ocrx_word' id='word_1_74' title='bbox 1884 465 1941 497; x_wconf 89' lang='lat' dir='ltr'>est</span> <span class='ocrx_word' id='word_1_75' title='bbox 1966 459 2153 497; x_wconf 85' lang='lat' dir='ltr'>sententiis</span> <span class='ocrx_word' id='word_1_76' title='bbox 2179 459 2226 496; x_wconf 79' lang='lat' dir='ltr'>ita</span> <span class='ocrx_word' id='word_1_77' title='bbox 2252 459 2345 497; x_wconf 80' lang='lat' dir='ltr'>inter</span> <span class='ocrx_word' id='word_1_78' title='bbox 2371 470 2415 497; x_wconf 78' lang='lat' dir='ltr'>se</span> 
     </span>
    </p>
   </div>
   <div class='ocr_carea' id='block_1_3' title="bbox 139 522 2415 645">
    <p class='ocr_par' dir='ltr' id='par_1_3' title="bbox 139 522 2415 645">
     <span class='ocr_line' id='line_1_8' title="bbox 139 522 2415 579; baseline -0.004 -10"><span class='ocrx_word' id='word_1_79' title='bbox 139 529 303 574; x_wconf 75' lang='lat' dir='ltr'>conexis,</span> <span class='ocrx_word' id='word_1_80' title='bbox 345 527 417 579; x_wconf 84' lang='lat' dir='ltr'>jam</span> <span class='ocrx_word' id='word_1_81' title='bbox 453 539 528 565; x_wconf 91' lang='lat' dir='ltr'>non</span> <span class='ocrx_word' id='word_1_82' title='bbox 564 537 756 577; x_wconf 85' lang='lat' dir='ltr'>superesse</span> <span class='ocrx_word' id='word_1_83' title='bbox 793 524 898 563; x_wconf 86' lang='lat' dir='ltr'>ullam</span> <span class='ocrx_word' id='word_1_84' title='bbox 934 530 1064 563; x_wconf 88' lang='lat' dir='ltr'>terram</span> <span class='ocrx_word' id='word_1_85' title='bbox 1100 524 1256 576; x_wconf 83' lang='lat' dir='ltr'>ignotam</span> <span class='ocrx_word' id='word_1_86' title='bbox 1293 536 1411 575; x_wconf 89' lang='lat' dir='ltr'>eoque</span> <span class='ocrx_word' id='word_1_87' title='bbox 1448 536 1513 576; x_wconf 90' lang='lat' dir='ltr'>pro</span> <span class='ocrx_word' id='word_1_88' title='bbox 1550 523 1739 575; x_wconf 83' lang='lat' dir='ltr'>magnifico</span> <span class='ocrx_word' id='word_1_89' title='bbox 1775 522 1948 569; x_wconf 85' lang='lat' dir='ltr'>habitam,</span> <span class='ocrx_word' id='word_1_90' title='bbox 1994 522 2059 562; x_wconf 88' lang='lat' dir='ltr'>sed</span> <span class='ocrx_word' id='word_1_91' title='bbox 2104 534 2231 562; x_wconf 90' lang='lat' dir='ltr'>omnes</span> <span class='ocrx_word' id='word_1_92' title='bbox 2274 526 2415 575; x_wconf 65' lang='lat' dir='ltr'>gentes,</span> 
     </span>
     <span class='ocr_line' id='line_1_9' title="bbox 139 589 1104 645; baseline -0.006 -14"><span class='ocrx_word' id='word_1_93' title='bbox 139 605 229 645; x_wconf 86' lang='lat' dir='ltr'>quae</span> <span class='ocrx_word' id='word_1_94' title='bbox 256 592 414 643; x_wconf 88' lang='lat' dir='ltr'>reliquae</span> <span class='ocrx_word' id='word_1_95' title='bbox 442 590 604 635; x_wconf 86' lang='lat' dir='ltr'>fuissent,</span> <span class='ocrx_word' id='word_1_96' title='bbox 632 602 714 627; x_wconf 90' lang='lat' dir='ltr'>esse</span> <span class='ocrx_word' id='word_1_97' title='bbox 742 601 761 626; x_wconf 89' lang='lat' dir='ltr'>a</span> <span class='ocrx_word' id='word_1_98' title='bbox 789 589 958 626; x_wconf 85' lang='lat' dir='ltr'>Romanis</span> <span class='ocrx_word' id='word_1_99' title='bbox 985 589 1104 626; x_wconf 86' lang='lat' dir='ltr'>victas.</span> 
     </span>
    </p>
   </div>
   <div class='ocr_carea' id='block_1_4' title="bbox 138 683 2417 866">
    <p class='ocr_par' dir='ltr' id='par_1_4' title="bbox 138 683 2417 866">
     <span class='ocr_line' id='line_1_10' title="bbox 325 683 2415 737; baseline -0.002 -11"><span class='ocrx_word' id='word_1_100' title='bbox 325 688 416 737; x_wconf 72' lang='lat' dir='ltr'>Agr.</span> <span class='ocrx_word' id='word_1_101' title='bbox 443 687 498 726; x_wconf 74' lang='lat'>81.</span> <span class='ocrx_word' id='word_1_102' title='bbox 550 685 732 735; x_wconf 69' lang='lat' dir='ltr'>Brigantes</span> <span class='ocrx_word' id='word_1_103' title='bbox 756 685 884 734; x_wconf 81' lang='lat' dir='ltr'>femina</span> <span class='ocrx_word' id='word_1_104' title='bbox 911 686 992 722; x_wconf 80' lang='lat' dir='ltr'>duce</span> <span class='ocrx_word' id='word_1_105' title='bbox 1024 696 1167 722; x_wconf 72' lang='lat' dir='ltr'>exurere</span> <span class='ocrx_word' id='word_1_106' title='bbox 1200 685 1366 722; x_wconf 79' lang='lat' dir='ltr'>coloniam</span> <span class='ocrx_word' id='word_1_107' title='bbox 1403 696 1595 734; x_wconf 69' lang='lat' dir='ltr'>eapuqnare</span> <span class='ocrx_word' id='word_1_108' title='bbox 1629 691 1741 721; x_wconf 73' lang='lat' dir='ltr'>castra</span> <span class='ocrx_word' id='word_1_109' title='bbox 1776 696 1833 729; x_wconf 82' lang='lat' dir='ltr'>ac,</span> <span class='ocrx_word' id='word_1_110' title='bbox 1869 685 1937 721; x_wconf 72' lang='lat' dir='ltr'>nisi</span> <span class='ocrx_word' id='word_1_111' title='bbox 1970 684 2117 733; x_wconf 64' lang='lat' dir='ltr'>felicitas</span> <span class='ocrx_word' id='word_1_112' title='bbox 2151 685 2189 721; x_wconf 78' lang='lat' dir='ltr'>in</span> <span class='ocrx_word' id='word_1_113' title='bbox 2223 683 2415 721; x_wconf 60' lang='lat' dir='ltr'>socordiam</span> 
     </span>
     <span class='ocr_line' id='line_1_11' title="bbox 141 748 2417 799; baseline -0.003 -9"><span class='ocrx_word' id='word_1_114' title='bbox 141 754 311 796; x_wconf 72' lang='lat' dir='ltr'>vertisset,</span> <span class='ocrx_word' id='word_1_115' title='bbox 348 764 471 789; x_wconf 74' lang='lat' dir='ltr'>exuere</span> <span class='ocrx_word' id='word_1_116' title='bbox 498 752 620 799; x_wconf 68' lang='lat' dir='ltr'>jugum</span> <span class='ocrx_word' id='word_1_117' title='bbox 652 755 811 798; x_wconf 80' lang='lat' dir='ltr'>potuere,-</span> <span class='ocrx_word' id='word_1_118' title='bbox 846 762 923 786; x_wconf 77' lang='lat' dir='ltr'>nos</span> <span class='ocrx_word' id='word_1_119' title='bbox 958 750 1131 797; x_wconf 65' lang='lat' dir='ltr'>integri</span> <span class='ocrx_word' id='word_1_120' title='bbox 1157 753 1198 786; x_wconf 82' lang='lat' dir='ltr'>et</span> <span class='ocrx_word' id='word_1_121' title='bbox 1223 750 1439 786; x_wconf 78' lang='lat' dir='ltr'>indomiti</span> <span class='ocrx_word' id='word_1_122' title='bbox 1466 754 1507 785; x_wconf 87' lang='lat' dir='ltr'>et</span> <span class='ocrx_word' id='word_1_123' title='bbox 1532 750 1578 786; x_wconf 84' lang='lat' dir='ltr'>in</span> <span class='ocrx_word' id='word_1_124' title='bbox 1604 749 1870 786; x_wconf 79' lang='lat' dir='ltr'>libertatem</span> <span class='ocrx_word' id='word_1_125' title='bbox 1895 749 2052 785; x_wconf 81' lang='lat' dir='ltr'>nonin</span> <span class='ocrx_word' id='word_1_126' title='bbox 2075 748 2417 796; x_wconf 59' lang='lat' dir='ltr'>poenitentiam</span> 
     </span>
     <span class='ocr_line' id='line_1_12' title="bbox 138 811 1758 866; baseline -0.002 -11"><span class='ocrx_word' id='word_1_127' title='bbox 138 817 287 855; x_wconf 81' lang='lat' dir='ltr'>laturi</span> <span class='ocrx_word' id='word_1_128' title='bbox 313 817 424 866; x_wconf 82' lang='lat' dir='ltr'>primo</span> <span class='ocrx_word' id='word_1_129' title='bbox 450 815 565 853; x_wconf 79' lang='lat' dir='ltr'>statim</span> <span class='ocrx_word' id='word_1_130' title='bbox 592 825 768 864; x_wconf 64' lang='lat' dir='ltr'>conpressu</span> <span class='ocrx_word' id='word_1_131' title='bbox 795 814 1014 858; x_wconf 81' lang='lat' dir='ltr'>ostendamus,</span> <span class='ocrx_word' id='word_1_132' title='bbox 1042 825 1124 864; x_wconf 76' lang='lat' dir='ltr'>quos</span> <span class='ocrx_word' id='word_1_133' title='bbox 1150 813 1215 851; x_wconf 68' lang='lat' dir='ltr'>sibi</span> <span class='ocrx_word' id='word_1_134' title='bbox 1243 811 1423 852; x_wconf 75' lang='lat' dir='ltr'>Caledonia</span> <span class='ocrx_word' id='word_1_135' title='bbox 1448 813 1539 851; x_wconf 75' lang='lat' dir='ltr'>viros</span> <span class='ocrx_word' id='word_1_136' title='bbox 1565 814 1758 863; x_wconf 74' lang='lat' dir='ltr'>seposuerit.</span> 
     </span>
    </p>
   </div>
   <div class='ocr_carea' id='block_1_5' title="bbox 138 886 2415 2277">
    <p class='ocr_par' dir='ltr' id='par_1_5' title="bbox 138 886 2415 2277">
     <span class='ocr_line' id='line_1_13' title="bbox 326 886 2415 939; baseline -0.002 -11"><span class='ocrx_word' id='word_1_137' title='bbox 326 890 483 928; x_wconf 90' lang='lat' dir='ltr'>Primum</span> <span class='ocrx_word' id='word_1_138' title='bbox 510 889 633 939; x_wconf 88' lang='lat' dir='ltr'>utique</span> <span class='ocrx_word' id='word_1_139' title='bbox 661 894 758 925; x_wconf 89' lang='lat' dir='ltr'>recte</span> <span class='ocrx_word' id='word_1_140' title='bbox 778 886 992 925; x_wconf 89' lang='lat' dir='ltr'>Camdenius</span> <span class='ocrx_word' id='word_1_141' title='bbox 1021 888 1174 938; x_wconf 88' lang='lat' dir='ltr'>conjecit</span> <span class='ocrx_word' id='word_1_142' title='bbox 1200 900 1265 938; x_wconf 91' lang='lat' dir='ltr'>pro</span> <span class='ocrx_word' id='word_1_143' title='bbox 1284 887 1540 938; x_wconf 77' lang='lat' dir='ltr'>Brigantes</span> <span class='ocrx_word' id='word_1_144' title='bbox 1564 900 1645 925; x_wconf 90' lang='lat' dir='ltr'>esse</span> <span class='ocrx_word' id='word_1_145' title='bbox 1671 887 1900 925; x_wconf 85' lang='lat' dir='ltr'>scribendum</span> <span class='ocrx_word' id='word_1_146' title='bbox 1919 887 2252 925; x_wconf 82' lang='lat' dir='ltr'>Trinobantes.</span> <span class='ocrx_word' id='word_1_147' title='bbox 2281 886 2415 937; x_wconf 77' lang='lat' dir='ltr'>quibus</span> 
     </span>
     <span class='ocr_line' id='line_1_14' title="bbox 140 949 2414 1004; baseline -0.002 -13"><span class='ocrx_word' id='word_1_148' title='bbox 140 956 233 991; x_wconf 90' lang='lat' dir='ltr'>enim</span> <span class='ocrx_word' id='word_1_149' title='bbox 262 954 480 1004; x_wconf 85' lang='lat' dir='ltr'>argumentis</span> <span class='ocrx_word' id='word_1_150' title='bbox 507 952 655 989; x_wconf 89' lang='lat' dir='ltr'>Wexius</span> <span class='ocrx_word' id='word_1_151' title='bbox 684 958 720 988; x_wconf 90' lang='lat' dir='ltr'>et</span> <span class='ocrx_word' id='word_1_152' title='bbox 746 951 895 988; x_wconf 89' lang='lat' dir='ltr'>Kritzius</span> <span class='ocrx_word' id='word_1_153' title='bbox 924 951 1086 988; x_wconf 85' lang='lat' dir='ltr'>codicum</span> <span class='ocrx_word' id='word_1_154' title='bbox 1115 952 1322 1001; x_wconf 83' lang='lat' dir='ltr'>scripturam</span> <span class='ocrx_word' id='word_1_155' title='bbox 1352 951 1568 995; x_wconf 85' lang='lat' dir='ltr'>defendunt,</span> <span class='ocrx_word' id='word_1_156' title='bbox 1606 964 1647 988; x_wconf 91' lang='lat' dir='ltr'>ea</span> <span class='ocrx_word' id='word_1_157' title='bbox 1684 957 1758 988; x_wconf 90' lang='lat' dir='ltr'>tum</span> <span class='ocrx_word' id='word_1_158' title='bbox 1795 951 1940 988; x_wconf 89' lang='lat' dir='ltr'>demum</span> <span class='ocrx_word' id='word_1_159' title='bbox 1977 950 2170 1001; x_wconf 78' lang='lat' dir='ltr'>probabilia</span> <span class='ocrx_word' id='word_1_160' title='bbox 2198 955 2340 992; x_wconf 87' lang='lat' dir='ltr'>essent.</span> <span class='ocrx_word' id='word_1_161' title='bbox 2381 949 2414 987; x_wconf 78' lang='lat' dir='ltr'>si</span> 
     </span>
     <span class='ocr_line' id='line_1_15' title="bbox 139 1013 2415 1068; baseline -0.001 -13"><span class='ocrx_word' id='word_1_162' title='bbox 139 1031 230 1068; x_wconf 91' lang='lat' dir='ltr'>quae</span> <span class='ocrx_word' id='word_1_163' title='bbox 250 1016 421 1067; x_wconf 82' lang='lat' dir='ltr'>Calgacus</span> <span class='ocrx_word' id='word_1_164' title='bbox 449 1016 525 1066; x_wconf 90' lang='lat' dir='ltr'>ipse</span> <span class='ocrx_word' id='word_1_165' title='bbox 555 1016 778 1053; x_wconf 90' lang='lat' dir='ltr'>contionatus</span> <span class='ocrx_word' id='word_1_166' title='bbox 807 1020 864 1052; x_wconf 89' lang='lat' dir='ltr'>est</span> <span class='ocrx_word' id='word_1_167' title='bbox 889 1014 996 1052; x_wconf 89' lang='lat' dir='ltr'>verba</span> <span class='ocrx_word' id='word_1_168' title='bbox 1022 1014 1237 1065; x_wconf 88' lang='lat' dir='ltr'>legeremus,</span> <span class='ocrx_word' id='word_1_169' title='bbox 1265 1027 1338 1052; x_wconf 89' lang='lat' dir='ltr'>non</span> <span class='ocrx_word' id='word_1_170' title='bbox 1367 1027 1458 1065; x_wconf 91' lang='lat' dir='ltr'>quae</span> <span class='ocrx_word' id='word_1_171' title='bbox 1477 1014 1617 1068; x_wconf 84' lang='lat' dir='ltr'>Tacitus</span> <span class='ocrx_word' id='word_1_172' title='bbox 1646 1016 1679 1053; x_wconf 90' lang='lat' dir='ltr'>ei</span> <span class='ocrx_word' id='word_1_173' title='bbox 1707 1015 1870 1053; x_wconf 81' lang='lat' dir='ltr'>attribuit.</span> <span class='ocrx_word' id='word_1_174' title='bbox 1899 1014 1965 1053; x_wconf 88' lang='lat' dir='ltr'>sed</span> <span class='ocrx_word' id='word_1_175' title='bbox 1992 1013 2062 1052; x_wconf 90' lang='lat' dir='ltr'>hoc</span> <span class='ocrx_word' id='word_1_176' title='bbox 2089 1013 2235 1065; x_wconf 89' lang='lat' dir='ltr'>quidem</span> <span class='ocrx_word' id='word_1_177' title='bbox 2264 1014 2415 1052; x_wconf 85' lang='lat' dir='ltr'>minoris</span> 
     </span>
     <span class='ocr_line' id='line_1_16' title="bbox 140 1078 2412 1130; baseline -0.001 -10"><span class='ocrx_word' id='word_1_178' title='bbox 140 1081 307 1120; x_wconf 89' lang='lat' dir='ltr'>momenti</span> <span class='ocrx_word' id='word_1_179' title='bbox 335 1086 408 1126; x_wconf 90' lang='lat' dir='ltr'>est,</span> <span class='ocrx_word' id='word_1_180' title='bbox 444 1092 567 1119; x_wconf 88' lang='lat' dir='ltr'>verum</span> <span class='ocrx_word' id='word_1_181' title='bbox 604 1078 756 1118; x_wconf 86' lang='lat' dir='ltr'>maximo</span> <span class='ocrx_word' id='word_1_182' title='bbox 793 1078 913 1118; x_wconf 85' lang='lat' dir='ltr'>labore</span> <span class='ocrx_word' id='word_1_183' title='bbox 952 1083 1188 1118; x_wconf 87' lang='lat' dir='ltr'>exercuerunt</span> <span class='ocrx_word' id='word_1_184' title='bbox 1224 1079 1366 1130; x_wconf 90' lang='lat' dir='ltr'>ingenia</span> <span class='ocrx_word' id='word_1_185' title='bbox 1401 1079 1577 1118; x_wconf 88' lang='lat' dir='ltr'>editorum</span> <span class='ocrx_word' id='word_1_186' title='bbox 1606 1091 1697 1130; x_wconf 92' lang='lat' dir='ltr'>quae</span> <span class='ocrx_word' id='word_1_187' title='bbox 1726 1084 1925 1130; x_wconf 88' lang='lat' dir='ltr'>sequuntur</span> <span class='ocrx_word' id='word_1_188' title='bbox 1951 1078 2058 1117; x_wconf 87' lang='lat' dir='ltr'>verba</span> <span class='ocrx_word' id='word_1_189' title='bbox 2085 1083 2123 1117; x_wconf 88' lang='lat' dir='ltr'>et</span> <span class='ocrx_word' id='word_1_190' title='bbox 2149 1078 2186 1117; x_wconf 92' lang='lat' dir='ltr'>in</span> <span class='ocrx_word' id='word_1_191' title='bbox 2213 1078 2412 1118; x_wconf 86' lang='lat' dir='ltr'>libertatem</span> 
     </span>
     <span class='ocr_line' id='line_1_17' title="bbox 139 1142 2413 1196; baseline -0.001 -14"><span class='ocrx_word' id='word_1_192' title='bbox 139 1158 210 1193; x_wconf 74' lang='lat' dir='ltr'>non</span> <span class='ocrx_word' id='word_1_193' title='bbox 238 1146 274 1182; x_wconf 92' lang='lat' dir='ltr'>in</span> <span class='ocrx_word' id='word_1_194' title='bbox 302 1144 555 1196; x_wconf 86' lang='lat' dir='ltr'>poenitentiam</span> <span class='ocrx_word' id='word_1_195' title='bbox 582 1144 738 1180; x_wconf 90' lang='lat' dir='ltr'>laturi.</span> <span class='ocrx_word' id='word_1_196' title='bbox 794 1155 884 1193; x_wconf 87' lang='lat' dir='ltr'>quae</span> <span class='ocrx_word' id='word_1_197' title='bbox 913 1148 952 1179; x_wconf 89' lang='lat' dir='ltr'>ut</span> <span class='ocrx_word' id='word_1_198' title='bbox 978 1149 1098 1193; x_wconf 90' lang='lat' dir='ltr'>aperte</span> <span class='ocrx_word' id='word_1_199' title='bbox 1127 1149 1211 1180; x_wconf 91' lang='lat' dir='ltr'>sunt</span> <span class='ocrx_word' id='word_1_200' title='bbox 1237 1148 1419 1193; x_wconf 88' lang='lat' dir='ltr'>corrupta,</span> <span class='ocrx_word' id='word_1_201' title='bbox 1458 1143 1503 1180; x_wconf 92' lang='lat' dir='ltr'>ita</span> <span class='ocrx_word' id='word_1_202' title='bbox 1540 1144 1575 1180; x_wconf 90' lang='lat' dir='ltr'>in</span> <span class='ocrx_word' id='word_1_203' title='bbox 1605 1143 1698 1180; x_wconf 90' lang='lat' dir='ltr'>nulla</span> <span class='ocrx_word' id='word_1_204' title='bbox 1728 1143 2028 1188; x_wconf 83' lang='lat' dir='ltr'>emendationum,</span> <span class='ocrx_word' id='word_1_205' title='bbox 2057 1154 2149 1193; x_wconf 85' lang='lat' dir='ltr'>quae</span> <span class='ocrx_word' id='word_1_206' title='bbox 2177 1142 2294 1180; x_wconf 88' lang='lat' dir='ltr'>adbuc</span> <span class='ocrx_word' id='word_1_207' title='bbox 2320 1154 2413 1193; x_wconf 87' lang='lat' dir='ltr'>pro—</span> 
     </span>
     <span class='ocr_line' id='line_1_18' title="bbox 139 1206 2412 1261; baseline -0.001 -14"><span class='ocrx_word' id='word_1_208' title='bbox 139 1210 273 1261; x_wconf 88' lang='lat' dir='ltr'>positae</span> <span class='ocrx_word' id='word_1_209' title='bbox 302 1214 394 1254; x_wconf 84' lang='lat' dir='ltr'>sunt,</span> <span class='ocrx_word' id='word_1_210' title='bbox 422 1207 723 1258; x_wconf 84' lang='lat' dir='ltr'>acquiescendum</span> <span class='ocrx_word' id='word_1_211' title='bbox 751 1219 833 1245; x_wconf 90' lang='lat' dir='ltr'>esse</span> <span class='ocrx_word' id='word_1_212' title='bbox 861 1206 945 1244; x_wconf 85' lang='lat' dir='ltr'>mihi</span> <span class='ocrx_word' id='word_1_213' title='bbox 971 1207 1118 1245; x_wconf 88' lang='lat' dir='ltr'>videtur.</span> <span class='ocrx_word' id='word_1_214' title='bbox 1173 1212 1210 1245; x_wconf 91' lang='lat' dir='ltr'>et</span> <span class='ocrx_word' id='word_1_215' title='bbox 1235 1207 1351 1245; x_wconf 90' lang='lat' dir='ltr'>Wexii</span> <span class='ocrx_word' id='word_1_216' title='bbox 1379 1207 1522 1257; x_wconf 90' lang='lat' dir='ltr'>quidem</span> <span class='ocrx_word' id='word_1_217' title='bbox 1552 1207 1857 1251; x_wconf 86' lang='lat' dir='ltr'>emendationem,</span> <span class='ocrx_word' id='word_1_218' title='bbox 1894 1219 1999 1257; x_wconf 85' lang='lat' dir='ltr'>quam</span> <span class='ocrx_word' id='word_1_219' title='bbox 2027 1206 2178 1245; x_wconf 86' lang='lat' dir='ltr'>Kritzius</span> <span class='ocrx_word' id='word_1_220' title='bbox 2212 1207 2248 1244; x_wconf 88' lang='lat' dir='ltr'>in</span> <span class='ocrx_word' id='word_1_221' title='bbox 2276 1212 2412 1245; x_wconf 87' lang='lat' dir='ltr'>textum</span> 
     </span>
     <span class='ocr_line' id='line_1_19' title="bbox 142 1269 2411 1323; baseline -0.001 -14"><span class='ocrx_word' id='word_1_222' title='bbox 142 1274 284 1323; x_wconf 89' lang='lat' dir='ltr'>recepit,</span> <span class='ocrx_word' id='word_1_223' title='bbox 312 1284 436 1309; x_wconf 87' lang='lat' dir='ltr'>arma</span> <span class='ocrx_word' id='word_1_224' title='bbox 462 1271 608 1309; x_wconf 87' lang='lat' dir='ltr'>laturi</span> <span class='ocrx_word' id='word_1_225' title='bbox 636 1276 823 1321; x_wconf 85' lang='lat' dir='ltr'>propterea</span> <span class='ocrx_word' id='word_1_226' title='bbox 851 1283 923 1307; x_wconf 91' lang='lat' dir='ltr'>non</span> <span class='ocrx_word' id='word_1_227' title='bbox 951 1270 1167 1320; x_wconf 88' lang='lat' dir='ltr'>probandam</span> <span class='ocrx_word' id='word_1_228' title='bbox 1192 1276 1290 1321; x_wconf 87' lang='lat' dir='ltr'>puto,</span> <span class='ocrx_word' id='word_1_229' title='bbox 1318 1270 1415 1320; x_wconf 92' lang='lat' dir='ltr'>quod</span> <span class='ocrx_word' id='word_1_230' title='bbox 1438 1277 1522 1316; x_wconf 87' lang='lat' dir='ltr'>tum,</span> <span class='ocrx_word' id='word_1_231' title='bbox 1552 1284 1633 1308; x_wconf 90' lang='lat' dir='ltr'>cum</span> <span class='ocrx_word' id='word_1_232' title='bbox 1654 1270 1826 1321; x_wconf 86' lang='lat' dir='ltr'>Calgacus</span> <span class='ocrx_word' id='word_1_233' title='bbox 1851 1271 1991 1308; x_wconf 88' lang='lat' dir='ltr'>locutus</span> <span class='ocrx_word' id='word_1_234' title='bbox 2011 1276 2076 1315; x_wconf 86' lang='lat' dir='ltr'>est,</span> <span class='ocrx_word' id='word_1_235' title='bbox 2104 1269 2287 1307; x_wconf 87' lang='lat' dir='ltr'>Caledonii</span> <span class='ocrx_word' id='word_1_236' title='bbox 2314 1282 2411 1307; x_wconf 79' lang='lat' dir='ltr'>arma</span> 
     </span>
     <span class='ocr_line' id='line_1_20' title="bbox 143 1333 2411 1385; baseline -0.001 -12"><span class='ocrx_word' id='word_1_237' title='bbox 143 1336 361 1374; x_wconf 88' lang='lat' dir='ltr'>tulerunt</span> <span class='ocrx_word' id='word_1_238' title='bbox 395 1348 469 1372; x_wconf 91' lang='lat' dir='ltr'>non</span> <span class='ocrx_word' id='word_1_239' title='bbox 507 1335 651 1372; x_wconf 86' lang='lat' dir='ltr'>laturi</span> <span class='ocrx_word' id='word_1_240' title='bbox 687 1334 903 1379; x_wconf 87' lang='lat' dir='ltr'>fuerunt;</span> <span class='ocrx_word' id='word_1_241' title='bbox 950 1347 1054 1384; x_wconf 91' lang='lat' dir='ltr'>quam</span> <span class='ocrx_word' id='word_1_242' title='bbox 1090 1341 1172 1385; x_wconf 90' lang='lat' dir='ltr'>post</span> <span class='ocrx_word' id='word_1_243' title='bbox 1207 1333 1408 1371; x_wconf 88' lang='lat' dir='ltr'>Broterium</span> <span class='ocrx_word' id='word_1_244' title='bbox 1444 1334 1664 1372; x_wconf 88' lang='lat' dir='ltr'>Waltherum</span> <span class='ocrx_word' id='word_1_245' title='bbox 1702 1335 1790 1371; x_wconf 90' lang='lat' dir='ltr'>alios</span> <span class='ocrx_word' id='word_1_246' title='bbox 1837 1336 1974 1385; x_wconf 88' lang='lat' dir='ltr'>recepit</span> <span class='ocrx_word' id='word_1_247' title='bbox 2008 1333 2157 1371; x_wconf 85' lang='lat' dir='ltr'>Haasius</span> <span class='ocrx_word' id='word_1_248' title='bbox 2202 1335 2411 1385; x_wconf 85' lang='lat' dir='ltr'>scripturam</span> 
     </span>
     <span class='ocr_line' id='line_1_21' title="bbox 140 1397 2411 1449; baseline -0.001 -12"><span class='ocrx_word' id='word_1_249' title='bbox 140 1406 174 1436; x_wconf 90' lang='lat' dir='ltr'>et</span> <span class='ocrx_word' id='word_1_250' title='bbox 199 1400 395 1437; x_wconf 88' lang='lat' dir='ltr'>libertatem</span> <span class='ocrx_word' id='word_1_251' title='bbox 423 1411 496 1436; x_wconf 92' lang='lat' dir='ltr'>non</span> <span class='ocrx_word' id='word_1_252' title='bbox 524 1400 560 1436; x_wconf 91' lang='lat' dir='ltr'>in</span> <span class='ocrx_word' id='word_1_253' title='bbox 588 1397 979 1449; x_wconf 52' lang='lat' dir='ltr'>poenitentiamstaturi,</span> <span class='ocrx_word' id='word_1_254' title='bbox 1008 1410 1192 1447; x_wconf 89' lang='lat' dir='ltr'>quaequae</span> <span class='ocrx_word' id='word_1_255' title='bbox 1220 1398 1380 1435; x_wconf 90' lang='lat' dir='ltr'>nonnihil</span> <span class='ocrx_word' id='word_1_256' title='bbox 1408 1397 1514 1435; x_wconf 89' lang='lat' dir='ltr'>habet</span> <span class='ocrx_word' id='word_1_257' title='bbox 1542 1398 1860 1435; x_wconf 88' lang='lat' dir='ltr'>commendationis</span> <span class='ocrx_word' id='word_1_258' title='bbox 1888 1404 1925 1435; x_wconf 88' lang='lat' dir='ltr'>et</span> <span class='ocrx_word' id='word_1_259' title='bbox 1950 1397 2147 1435; x_wconf 86' lang='lat' dir='ltr'>libertatem</span> <span class='ocrx_word' id='word_1_260' title='bbox 2175 1410 2248 1435; x_wconf 92' lang='lat' dir='ltr'>non</span> <span class='ocrx_word' id='word_1_261' title='bbox 2276 1397 2411 1448; x_wconf 88' lang='lat' dir='ltr'>poeni-</span> 
     </span>
     <span class='ocr_line' id='line_1_22' title="bbox 138 1451 2412 1511; baseline -0.001 -10"><span class='ocrx_word' id='word_1_262' title='bbox 138 1464 280 1501; x_wconf 86' lang='lat' dir='ltr'>tentiam</span> <span class='ocrx_word' id='word_1_263' title='bbox 308 1463 409 1500; x_wconf 85' lang='lat' dir='ltr'>laturi</span> <span class='ocrx_word' id='word_1_264' title='bbox 438 1462 481 1500; x_wconf 89' lang='lat' dir='ltr'>cf.</span> <span class='ocrx_word' id='word_1_265' title='bbox 506 1462 544 1500; x_wconf 83' lang='grc' dir='ltr'>Α.</span> <span class='ocrx_word' id='word_1_266' title='bbox 576 1461 634 1507; x_wconf 85' lang='grc'>15,</span> <span class='ocrx_word' id='word_1_267' title='bbox 664 1460 712 1500; x_wconf 77' lang='lat'>62</span> <span class='ocrx_word' id='word_1_268' title='bbox 741 1461 771 1498; x_wconf 92' lang='grc' dir='ltr'>Η</span> <span class='ocrx_word' id='word_1_269' title='bbox 798 1460 833 1506; x_wconf 81' lang='grc'>3,</span> <span class='ocrx_word' id='word_1_270' title='bbox 864 1460 922 1506; x_wconf 88' lang='grc'>19,</span> <span class='ocrx_word' id='word_1_271' title='bbox 956 1451 1100 1499; x_wconf 69' lang='lat' dir='ltr'>sensum</span> <span class='ocrx_word' id='word_1_272' title='bbox 1129 1461 1172 1498; x_wconf 89' lang='lat' dir='ltr'>ab</span> <span class='ocrx_word' id='word_1_273' title='bbox 1200 1467 1324 1499; x_wconf 91' lang='lat' dir='ltr'>nostro</span> <span class='ocrx_word' id='word_1_274' title='bbox 1351 1461 1432 1499; x_wconf 91' lang='lat' dir='ltr'>loco</span> <span class='ocrx_word' id='word_1_275' title='bbox 1461 1461 1615 1499; x_wconf 91' lang='lat' dir='ltr'>alienum</span> <span class='ocrx_word' id='word_1_276' title='bbox 1644 1461 1774 1499; x_wconf 85' lang='lat' dir='ltr'>inferre</span> <span class='ocrx_word' id='word_1_277' title='bbox 1802 1461 1951 1499; x_wconf 89' lang='lat' dir='ltr'>Wexius</span> <span class='ocrx_word' id='word_1_278' title='bbox 1978 1461 2073 1507; x_wconf 87' lang='lat' dir='ltr'>vidit,</span> <span class='ocrx_word' id='word_1_279' title='bbox 2105 1474 2187 1498; x_wconf 88' lang='lat' dir='ltr'>cum</span> <span class='ocrx_word' id='word_1_280' title='bbox 2215 1473 2289 1498; x_wconf 91' lang='lat' dir='ltr'>non</span> <span class='ocrx_word' id='word_1_281' title='bbox 2317 1472 2412 1511; x_wconf 89' lang='lat' dir='ltr'>opus</span> 
     </span>
     <span class='ocr_line' id='line_1_23' title="bbox 139 1524 2410 1577; baseline -0.001 -13"><span class='ocrx_word' id='word_1_282' title='bbox 139 1528 200 1571; x_wconf 88' lang='lat' dir='ltr'>sit,</span> <span class='ocrx_word' id='word_1_283' title='bbox 236 1527 296 1577; x_wconf 93' lang='lat' dir='ltr'>qui</span> <span class='ocrx_word' id='word_1_284' title='bbox 324 1526 368 1563; x_wconf 88' lang='lat' dir='ltr'>ad</span> <span class='ocrx_word' id='word_1_285' title='bbox 395 1525 431 1563; x_wconf 90' lang='lat' dir='ltr'>id</span> <span class='ocrx_word' id='word_1_286' title='bbox 459 1531 598 1576; x_wconf 90' lang='lat' dir='ltr'>tempus</span> <span class='ocrx_word' id='word_1_287' title='bbox 625 1525 785 1562; x_wconf 89' lang='lat' dir='ltr'>indomiti</span> <span class='ocrx_word' id='word_1_288' title='bbox 814 1524 963 1570; x_wconf 84' lang='lat' dir='ltr'>fuerint,</span> <span class='ocrx_word' id='word_1_289' title='bbox 999 1530 1213 1575; x_wconf 84' lang='lat' dir='ltr'>recuperent</span> <span class='ocrx_word' id='word_1_290' title='bbox 1238 1524 1445 1562; x_wconf 88' lang='lat' dir='ltr'>libertatem.</span> <span class='ocrx_word' id='word_1_291' title='bbox 1501 1524 1739 1563; x_wconf 88' lang='lat' dir='ltr'>Schoemanni</span> <span class='ocrx_word' id='word_1_292' title='bbox 1768 1525 1923 1575; x_wconf 89' lang='lat' dir='ltr'>denique</span> <span class='ocrx_word' id='word_1_293' title='bbox 1952 1524 2194 1575; x_wconf 71' lang='lat' dir='ltr'>coniecturam</span> <span class='ocrx_word' id='word_1_294' title='bbox 2232 1530 2268 1562; x_wconf 91' lang='lat' dir='ltr'>et</span> <span class='ocrx_word' id='word_1_295' title='bbox 2295 1524 2410 1562; x_wconf 91' lang='lat' dir='ltr'>liber-</span> 
     </span>
     <span class='ocr_line' id='line_1_24' title="bbox 140 1587 2411 1641; baseline -0 -13"><span class='ocrx_word' id='word_1_296' title='bbox 140 1596 244 1629; x_wconf 87' lang='lat' dir='ltr'>tatem</span> <span class='ocrx_word' id='word_1_297' title='bbox 271 1603 344 1628; x_wconf 89' lang='lat' dir='ltr'>non</span> <span class='ocrx_word' id='word_1_298' title='bbox 373 1590 560 1641; x_wconf 88' lang='lat' dir='ltr'>impune</span> <span class='ocrx_word' id='word_1_299' title='bbox 597 1594 826 1628; x_wconf 89' lang='lat' dir='ltr'>tentatam</span> <span class='ocrx_word' id='word_1_300' title='bbox 864 1588 1012 1627; x_wconf 92' lang='lat' dir='ltr'>ulturi</span> <span class='ocrx_word' id='word_1_301' title='bbox 1047 1593 1122 1627; x_wconf 91' lang='lat' dir='ltr'>tum</span> <span class='ocrx_word' id='word_1_302' title='bbox 1159 1588 1302 1627; x_wconf 92' lang='lat' dir='ltr'>demum</span> <span class='ocrx_word' id='word_1_303' title='bbox 1340 1601 1405 1640; x_wconf 90' lang='lat' dir='ltr'>pro</span> <span class='ocrx_word' id='word_1_304' title='bbox 1440 1601 1522 1627; x_wconf 87' lang='lat' dir='ltr'>vera</span> <span class='ocrx_word' id='word_1_305' title='bbox 1556 1588 1781 1635; x_wconf 85' lang='lat' dir='ltr'>habebimus,</span> <span class='ocrx_word' id='word_1_306' title='bbox 1816 1589 1883 1627; x_wconf 90' lang='lat' dir='ltr'>nisi</span> <span class='ocrx_word' id='word_1_307' title='bbox 1912 1588 1976 1627; x_wconf 92' lang='lat' dir='ltr'>alia</span> <span class='ocrx_word' id='word_1_308' title='bbox 2005 1588 2049 1627; x_wconf 90' lang='lat' dir='ltr'>ad</span> <span class='ocrx_word' id='word_1_309' title='bbox 2076 1587 2209 1627; x_wconf 86' lang='lat' dir='ltr'>litteras</span> <span class='ocrx_word' id='word_1_310' title='bbox 2238 1589 2273 1627; x_wconf 91' lang='lat' dir='ltr'>in</span> <span class='ocrx_word' id='word_1_311' title='bbox 2303 1588 2411 1627; x_wconf 88' lang='lat' dir='ltr'>codi-</span> 
     </span>
     <span class='ocr_line' id='line_1_25' title="bbox 142 1652 2409 1704; baseline -0 -14"><span class='ocrx_word' id='word_1_312' title='bbox 142 1655 240 1691; x_wconf 90' lang='lat' dir='ltr'>cibus</span> <span class='ocrx_word' id='word_1_313' title='bbox 269 1659 426 1691; x_wconf 87' lang='lat' dir='ltr'>servatos</span> <span class='ocrx_word' id='word_1_314' title='bbox 455 1653 601 1704; x_wconf 90' lang='lat' dir='ltr'>propius</span> <span class='ocrx_word' id='word_1_315' title='bbox 628 1653 806 1691; x_wconf 85' lang='lat' dir='ltr'>accedens</span> <span class='ocrx_word' id='word_1_316' title='bbox 834 1653 1040 1690; x_wconf 88' lang='lat' dir='ltr'>invenietur.</span> <span class='ocrx_word' id='word_1_317' title='bbox 1074 1652 1240 1703; x_wconf 87' lang='lat' dir='ltr'>equidem</span> <span class='ocrx_word' id='word_1_318' title='bbox 1268 1652 1448 1690; x_wconf 89' lang='lat' dir='ltr'>lenissima</span> <span class='ocrx_word' id='word_1_319' title='bbox 1478 1653 1698 1690; x_wconf 86' lang='lat' dir='ltr'>correctione</span> <span class='ocrx_word' id='word_1_320' title='bbox 1726 1652 1831 1690; x_wconf 87' lang='lat' dir='ltr'>Taciti</span> <span class='ocrx_word' id='word_1_321' title='bbox 1860 1653 1967 1690; x_wconf 87' lang='lat' dir='ltr'>verba</span> <span class='ocrx_word' id='word_1_322' title='bbox 1996 1653 2048 1689; x_wconf 91' lang='lat' dir='ltr'>sic</span> <span class='ocrx_word' id='word_1_323' title='bbox 2074 1658 2161 1703; x_wconf 90' lang='lat' dir='ltr'>puto</span> <span class='ocrx_word' id='word_1_324' title='bbox 2190 1652 2409 1690; x_wconf 85' lang='lat' dir='ltr'>restituenda</span> 
     </span>
     <span class='ocr_line' id='line_1_26' title="bbox 140 1716 2406 1766; baseline 0 -13"><span class='ocrx_word' id='word_1_325' title='bbox 140 1730 219 1754; x_wconf 86' lang='lat' dir='ltr'>esse</span> <span class='ocrx_word' id='word_1_326' title='bbox 249 1723 284 1754; x_wconf 88' lang='lat' dir='ltr'>et</span> <span class='ocrx_word' id='word_1_327' title='bbox 311 1718 347 1754; x_wconf 90' lang='lat' dir='ltr'>in</span> <span class='ocrx_word' id='word_1_328' title='bbox 374 1717 570 1755; x_wconf 88' lang='lat' dir='ltr'>libertatem</span> <span class='ocrx_word' id='word_1_329' title='bbox 597 1729 670 1753; x_wconf 90' lang='lat' dir='ltr'>non</span> <span class='ocrx_word' id='word_1_330' title='bbox 699 1717 734 1753; x_wconf 89' lang='lat' dir='ltr'>in</span> <span class='ocrx_word' id='word_1_331' title='bbox 761 1717 1015 1766; x_wconf 83' lang='lat' dir='ltr'>poenitentiam</span> <span class='ocrx_word' id='word_1_332' title='bbox 1043 1716 1201 1753; x_wconf 89' lang='lat' dir='ltr'>ulturi.</span> <span class='ocrx_word' id='word_1_333' title='bbox 1257 1717 1361 1753; x_wconf 86' lang='lat' dir='ltr'>ulturi</span> <span class='ocrx_word' id='word_1_334' title='bbox 1399 1729 1464 1766; x_wconf 89' lang='lat' dir='ltr'>pro</span> <span class='ocrx_word' id='word_1_335' title='bbox 1497 1717 1598 1753; x_wconf 85' lang='lat' dir='ltr'>laturi</span> <span class='ocrx_word' id='word_1_336' title='bbox 1629 1717 1699 1765; x_wconf 85' lang='lat' dir='ltr'>jam</span> <span class='ocrx_word' id='word_1_337' title='bbox 1729 1716 1958 1753; x_wconf 89' lang='lat' dir='ltr'>Heumannus</span> <span class='ocrx_word' id='word_1_338' title='bbox 1992 1718 2179 1766; x_wconf 89' lang='lat' dir='ltr'>proposuit</span> <span class='ocrx_word' id='word_1_339' title='bbox 2206 1716 2272 1754; x_wconf 87' lang='lat' dir='ltr'>sed</span> <span class='ocrx_word' id='word_1_340' title='bbox 2300 1717 2406 1753; x_wconf 88' lang='lat' dir='ltr'>etiam</span> 
     </span>
     <span class='ocr_line' id='line_1_27' title="bbox 140 1779 2407 1831; baseline 0 -13"><span class='ocrx_word' id='word_1_341' title='bbox 140 1782 267 1819; x_wconf 79' lang='lat' dir='ltr'>ceteris</span> <span class='ocrx_word' id='word_1_342' title='bbox 294 1781 412 1819; x_wconf 87' lang='lat' dir='ltr'>verbis</span> <span class='ocrx_word' id='word_1_343' title='bbox 439 1781 639 1826; x_wconf 87' lang='lat' dir='ltr'>immutatis,</span> <span class='ocrx_word' id='word_1_344' title='bbox 667 1780 859 1819; x_wconf 88' lang='lat' dir='ltr'>novissime</span> <span class='ocrx_word' id='word_1_345' title='bbox 887 1787 926 1818; x_wconf 91' lang='lat' dir='ltr'>ut</span> <span class='ocrx_word' id='word_1_346' title='bbox 942 1779 1011 1818; x_wconf 85' lang='lat' dir='ltr'>dixi</span> <span class='ocrx_word' id='word_1_347' title='bbox 1031 1779 1311 1818; x_wconf 87' lang='lat' dir='ltr'>Schoemannus.</span> <span class='ocrx_word' id='word_1_348' title='bbox 1340 1780 1559 1819; x_wconf 87' lang='lat' dir='ltr'>ulciscuntur</span> <span class='ocrx_word' id='word_1_349' title='bbox 1586 1786 1701 1818; x_wconf 89' lang='lat' dir='ltr'>autem</span> <span class='ocrx_word' id='word_1_350' title='bbox 1726 1779 1908 1818; x_wconf 88' lang='lat' dir='ltr'>Caledonii</span> <span class='ocrx_word' id='word_1_351' title='bbox 1927 1780 2118 1825; x_wconf 84' lang='lat' dir='ltr'>Romanos,</span> <span class='ocrx_word' id='word_1_352' title='bbox 2146 1781 2208 1831; x_wconf 89' lang='lat' dir='ltr'>qui</span> <span class='ocrx_word' id='word_1_353' title='bbox 2228 1780 2407 1819; x_wconf 85' lang='lat' dir='ltr'>Britannia</span> 
     </span>
     <span class='ocr_line' id='line_1_28' title="bbox 138 1842 2408 1895; baseline 0 -14"><span class='ocrx_word' id='word_1_354' title='bbox 138 1844 281 1882; x_wconf 88' lang='lat' dir='ltr'>subacta</span> <span class='ocrx_word' id='word_1_355' title='bbox 309 1857 373 1895; x_wconf 91' lang='lat' dir='ltr'>pro</span> <span class='ocrx_word' id='word_1_356' title='bbox 402 1857 465 1883; x_wconf 87' lang='lat' dir='ltr'>sua</span> <span class='ocrx_word' id='word_1_357' title='bbox 493 1845 630 1882; x_wconf 85' lang='lat' dir='ltr'>avaritia</span> <span class='ocrx_word' id='word_1_358' title='bbox 659 1850 695 1881; x_wconf 90' lang='lat' dir='ltr'>et</span> <span class='ocrx_word' id='word_1_359' title='bbox 722 1844 912 1882; x_wconf 89' lang='lat' dir='ltr'>ambitione</span> <span class='ocrx_word' id='word_1_360' title='bbox 940 1856 986 1881; x_wconf 89' lang='lat' dir='ltr'>ne</span> <span class='ocrx_word' id='word_1_361' title='bbox 1013 1844 1268 1882; x_wconf 89' lang='lat' dir='ltr'>remotissimos</span> <span class='ocrx_word' id='word_1_362' title='bbox 1292 1844 1436 1895; x_wconf 90' lang='lat' dir='ltr'>quidem</span> <span class='ocrx_word' id='word_1_363' title='bbox 1461 1844 1556 1882; x_wconf 88' lang='lat' dir='ltr'>orbis</span> <span class='ocrx_word' id='word_1_364' title='bbox 1576 1849 1745 1881; x_wconf 85' lang='lat' dir='ltr'>terrarum</span> <span class='ocrx_word' id='word_1_365' title='bbox 1766 1844 1899 1881; x_wconf 88' lang='lat' dir='ltr'>incolas</span> <span class='ocrx_word' id='word_1_366' title='bbox 1919 1844 2128 1889; x_wconf 77' lang='lat' dir='ltr'>illacessitos</span> <span class='ocrx_word' id='word_1_367' title='bbox 2148 1843 2365 1895; x_wconf 88' lang='lat' dir='ltr'>reliquerint,</span> <span class='ocrx_word' id='word_1_368' title='bbox 2383 1842 2408 1894; x_wconf 88' lang='lat'>¹)</span> 
     </span>
     <span class='ocr_line' id='line_1_29' title="bbox 139 1908 2411 1958; baseline 0 -14"><span class='ocrx_word' id='word_1_369' title='bbox 139 1915 173 1944; x_wconf 85' lang='lat' dir='ltr'>et</span> <span class='ocrx_word' id='word_1_370' title='bbox 200 1921 241 1945; x_wconf 87' lang='lat' dir='ltr'>ea</span> <span class='ocrx_word' id='word_1_371' title='bbox 270 1909 412 1958; x_wconf 88' lang='lat' dir='ltr'>quidem</span> <span class='ocrx_word' id='word_1_372' title='bbox 442 1909 655 1952; x_wconf 86' lang='lat' dir='ltr'>fortitudine,</span> <span class='ocrx_word' id='word_1_373' title='bbox 685 1915 723 1944; x_wconf 90' lang='lat' dir='ltr'>ut</span> <span class='ocrx_word' id='word_1_374' title='bbox 750 1920 941 1958; x_wconf 90' lang='lat' dir='ltr'>numquam</span> <span class='ocrx_word' id='word_1_375' title='bbox 971 1920 1034 1944; x_wconf 90' lang='lat' dir='ltr'>eos</span> <span class='ocrx_word' id='word_1_376' title='bbox 1060 1909 1243 1957; x_wconf 87' lang='lat' dir='ltr'>poenitere</span> <span class='ocrx_word' id='word_1_377' title='bbox 1272 1908 1401 1945; x_wconf 91' lang='lat' dir='ltr'>debeat</span> <span class='ocrx_word' id='word_1_378' title='bbox 1418 1908 1444 1956; x_wconf 82' lang='lat'>¹)</span> <span class='ocrx_word' id='word_1_379' title='bbox 1473 1920 1567 1944; x_wconf 91' lang='lat' dir='ltr'>arma</span> <span class='ocrx_word' id='word_1_380' title='bbox 1596 1913 1716 1944; x_wconf 87' lang='lat' dir='ltr'>eontra</span> <span class='ocrx_word' id='word_1_381' title='bbox 1743 1908 1924 1944; x_wconf 89' lang='lat' dir='ltr'>Romanos</span> <span class='ocrx_word' id='word_1_382' title='bbox 1951 1908 2085 1952; x_wconf 90' lang='lat' dir='ltr'>tulisse,</span> <span class='ocrx_word' id='word_1_383' title='bbox 2115 1908 2180 1944; x_wconf 93' lang='lat' dir='ltr'>sed</span> <span class='ocrx_word' id='word_1_384' title='bbox 2208 1914 2247 1945; x_wconf 90' lang='lat' dir='ltr'>ut</span> <span class='ocrx_word' id='word_1_385' title='bbox 2273 1908 2304 1945; x_wconf 87' lang='lat' dir='ltr'>is</span> <span class='ocrx_word' id='word_1_386' title='bbox 2330 1908 2411 1945; x_wconf 90' lang='lat' dir='ltr'>dies</span> 
     </span>
     <span class='ocr_line' id='line_1_30' title="bbox 141 1970 2410 2021; baseline 0 -13"><span class='ocrx_word' id='word_1_387' title='bbox 141 1972 274 2009; x_wconf 86' lang='lat' dir='ltr'>initium</span> <span class='ocrx_word' id='word_1_388' title='bbox 312 1972 480 2010; x_wconf 89' lang='lat' dir='ltr'>libertatis</span> <span class='ocrx_word' id='word_1_389' title='bbox 514 1972 576 2008; x_wconf 87' lang='lat' dir='ltr'>toti</span> <span class='ocrx_word' id='word_1_390' title='bbox 604 1971 802 2009; x_wconf 87' lang='lat' dir='ltr'>Britanniae</span> <span class='ocrx_word' id='word_1_391' title='bbox 832 1972 885 2009; x_wconf 89' lang='lat' dir='ltr'>sit.</span> <span class='ocrx_word' id='word_1_392' title='bbox 941 1985 1008 2021; x_wconf 87' lang='lat' dir='ltr'>qua</span> <span class='ocrx_word' id='word_1_393' title='bbox 1036 1972 1072 2008; x_wconf 89' lang='lat' dir='ltr'>in</span> <span class='ocrx_word' id='word_1_394' title='bbox 1100 1971 1349 2009; x_wconf 87' lang='lat' dir='ltr'>emendatione</span> <span class='ocrx_word' id='word_1_395' title='bbox 1377 1976 1416 2008; x_wconf 92' lang='lat' dir='ltr'>ut</span> <span class='ocrx_word' id='word_1_396' title='bbox 1451 1971 1578 2009; x_wconf 90' lang='lat' dir='ltr'>lubens</span> <span class='ocrx_word' id='word_1_397' title='bbox 1616 1971 1727 2008; x_wconf 88' lang='lat' dir='ltr'>fateor</span> <span class='ocrx_word' id='word_1_398' title='bbox 1767 1970 1850 2008; x_wconf 88' lang='lat' dir='ltr'>mihi</span> <span class='ocrx_word' id='word_1_399' title='bbox 1888 1971 2018 2009; x_wconf 88' lang='lat' dir='ltr'>deesse</span> <span class='ocrx_word' id='word_1_400' title='bbox 2056 1971 2236 2021; x_wconf 88' lang='lat' dir='ltr'>exempla,</span> <span class='ocrx_word' id='word_1_401' title='bbox 2279 1971 2410 2021; x_wconf 89' lang='lat' dir='ltr'>quibus</span> 
     </span>
     <span class='ocr_line' id='line_1_31' title="bbox 139 2033 2409 2085; baseline 0.001 -14"><span class='ocrx_word' id='word_1_402' title='bbox 139 2035 270 2071; x_wconf 80' lang='lat' dir='ltr'>dictum</span> <span class='ocrx_word' id='word_1_403' title='bbox 309 2047 390 2072; x_wconf 89' lang='lat' dir='ltr'>esse</span> <span class='ocrx_word' id='word_1_404' title='bbox 427 2048 445 2071; x_wconf 88' lang='lat' dir='ltr'>a</span> <span class='ocrx_word' id='word_1_405' title='bbox 474 2034 642 2072; x_wconf 87' lang='lat' dir='ltr'>Romanis</span> <span class='ocrx_word' id='word_1_406' title='bbox 680 2035 802 2072; x_wconf 86' lang='lat' dir='ltr'>ulcisci</span> <span class='ocrx_word' id='word_1_407' title='bbox 839 2035 875 2072; x_wconf 91' lang='lat' dir='ltr'>in</span> <span class='ocrx_word' id='word_1_408' title='bbox 912 2034 1106 2071; x_wconf 89' lang='lat' dir='ltr'>libertatem</span> <span class='ocrx_word' id='word_1_409' title='bbox 1145 2034 1313 2080; x_wconf 89' lang='lat' dir='ltr'>doceam,</span> <span class='ocrx_word' id='word_1_410' title='bbox 1350 2036 1396 2072; x_wconf 87' lang='lat' dir='ltr'>ita</span> <span class='ocrx_word' id='word_1_411' title='bbox 1432 2035 1537 2077; x_wconf 82' lang='lat' dir='ltr'>latine</span> <span class='ocrx_word' id='word_1_412' title='bbox 1575 2047 1647 2071; x_wconf 90' lang='lat' dir='ltr'>non</span> <span class='ocrx_word' id='word_1_413' title='bbox 1684 2034 1752 2071; x_wconf 89' lang='lat' dir='ltr'>dici</span> <span class='ocrx_word' id='word_1_414' title='bbox 1782 2040 1877 2071; x_wconf 87' lang='lat' dir='ltr'>certe</span> <span class='ocrx_word' id='word_1_415' title='bbox 1905 2035 2120 2085; x_wconf 89' lang='lat' dir='ltr'>negaverim.</span> <span class='ocrx_word' id='word_1_416' title='bbox 2150 2034 2194 2071; x_wconf 84' lang='lat' dir='ltr'>cf.</span> <span class='ocrx_word' id='word_1_417' title='bbox 2224 2034 2253 2071; x_wconf 87' lang='lat' dir='ltr'>H</span> <span class='ocrx_word' id='word_1_418' title='bbox 2281 2034 2317 2080; x_wconf 79' lang='lat'>3,</span> <span class='ocrx_word' id='word_1_419' title='bbox 2345 2033 2409 2073; x_wconf 87' lang='grc'>80.</span> 
     </span>
     <span class='ocr_line' id='line_1_32' title="bbox 138 2097 2408 2148; baseline 0 -14"><span class='ocrx_word' id='word_1_420' title='bbox 138 2097 283 2134; x_wconf 85' lang='lat' dir='ltr'>Sacrum</span> <span class='ocrx_word' id='word_1_421' title='bbox 312 2098 416 2134; x_wconf 88' lang='lat' dir='ltr'>etiam</span> <span class='ocrx_word' id='word_1_422' title='bbox 444 2098 534 2135; x_wconf 88' lang='lat' dir='ltr'>inter</span> <span class='ocrx_word' id='word_1_423' title='bbox 562 2103 703 2135; x_wconf 85' lang='lat' dir='ltr'>exteros</span> <span class='ocrx_word' id='word_1_424' title='bbox 732 2104 857 2148; x_wconf 84' lang='lat' dir='ltr'>gentes</span> <span class='ocrx_word' id='word_1_425' title='bbox 884 2098 1080 2148; x_wconf 86' lang='lat' dir='ltr'>legatorum</span> <span class='ocrx_word' id='word_1_426' title='bbox 1105 2097 1164 2147; x_wconf 89' lang='lat' dir='ltr'>jus</span> <span class='ocrx_word' id='word_1_427' title='bbox 1193 2103 1273 2135; x_wconf 88' lang='lat' dir='ltr'>ante</span> <span class='ocrx_word' id='word_1_428' title='bbox 1302 2098 1377 2148; x_wconf 90' lang='lat' dir='ltr'>ipsa</span> <span class='ocrx_word' id='word_1_429' title='bbox 1413 2098 1544 2148; x_wconf 88' lang='lat' dir='ltr'>patriae</span> <span class='ocrx_word' id='word_1_430' title='bbox 1581 2098 1720 2135; x_wconf 91' lang='lat' dir='ltr'>moenia</span> <span class='ocrx_word' id='word_1_431' title='bbox 1758 2098 1867 2135; x_wconf 89' lang='lat' dir='ltr'>civilis</span> <span class='ocrx_word' id='word_1_432' title='bbox 1904 2098 2020 2135; x_wconf 89' lang='lat' dir='ltr'>rabies</span> <span class='ocrx_word' id='word_1_433' title='bbox 2048 2110 2163 2148; x_wconf 89' lang='lat' dir='ltr'>usque</span> <span class='ocrx_word' id='word_1_434' title='bbox 2192 2098 2236 2134; x_wconf 90' lang='lat' dir='ltr'>in</span> <span class='ocrx_word' id='word_1_435' title='bbox 2265 2098 2408 2136; x_wconf 79' lang='lat' dir='ltr'>exilium</span> 
     </span>
     <span class='ocr_line' id='line_1_33' title="bbox 138 2161 2410 2212; baseline 0.001 -15"><span class='ocrx_word' id='word_1_436' title='bbox 138 2167 357 2198; x_wconf 84' lang='lat' dir='ltr'>temerasset.</span> <span class='ocrx_word' id='word_1_437' title='bbox 414 2161 497 2199; x_wconf 81' lang='lat' dir='ltr'>vell.</span> <span class='ocrx_word' id='word_1_438' title='bbox 528 2161 562 2205; x_wconf 71' lang='grc' dir='ltr'>ΕΞ,</span> <span class='ocrx_word' id='word_1_439' title='bbox 592 2161 641 2199; x_wconf 82' lang='grc'>85</span> <span class='ocrx_word' id='word_1_440' title='bbox 670 2162 862 2212; x_wconf 88' lang='lat' dir='ltr'>Desperata</span> <span class='ocrx_word' id='word_1_441' title='bbox 889 2161 1033 2198; x_wconf 87' lang='lat' dir='ltr'>victoria</span> <span class='ocrx_word' id='word_1_442' title='bbox 1061 2161 1104 2198; x_wconf 91' lang='lat' dir='ltr'>in</span> <span class='ocrx_word' id='word_1_443' title='bbox 1133 2167 1282 2199; x_wconf 90' lang='lat' dir='ltr'>mortem</span> <span class='ocrx_word' id='word_1_444' title='bbox 1312 2162 1556 2207; x_wconf 88' lang='lat' dir='ltr'>dimicabatur,</span> <span class='ocrx_word' id='word_1_445' title='bbox 1594 2167 1628 2199; x_wconf 91' lang='lat' dir='ltr'>et</span> <span class='ocrx_word' id='word_1_446' title='bbox 1664 2174 1754 2212; x_wconf 90' lang='lat' dir='ltr'>quae</span> <span class='ocrx_word' id='word_1_447' title='bbox 1783 2161 1828 2198; x_wconf 91' lang='lat' dir='ltr'>de</span> <span class='ocrx_word' id='word_1_448' title='bbox 1857 2167 2030 2212; x_wconf 82' lang='lat' dir='ltr'>potestate</span> <span class='ocrx_word' id='word_1_449' title='bbox 2060 2162 2103 2198; x_wconf 92' lang='lat' dir='ltr'>in</span> <span class='ocrx_word' id='word_1_450' title='bbox 2132 2161 2410 2212; x_wconf 86' lang='lat' dir='ltr'>praepositionis</span> 
     </span>
     <span class='ocr_line' id='line_1_34' title="bbox 138 2224 1663 2277; baseline 0.001 -14"><span class='ocrx_word' id='word_1_451' title='bbox 138 2238 216 2262; x_wconf 82' lang='lat' dir='ltr'>cum</span> <span class='ocrx_word' id='word_1_452' title='bbox 247 2226 445 2263; x_wconf 79' lang='lat' dir='ltr'>accusativo</span> <span class='ocrx_word' id='word_1_453' title='bbox 475 2226 697 2276; x_wconf 88' lang='lat' dir='ltr'>disputarunt</span> <span class='ocrx_word' id='word_1_454' title='bbox 724 2225 958 2276; x_wconf 87' lang='lat' dir='ltr'>Nipperdeius</span> <span class='ocrx_word' id='word_1_455' title='bbox 987 2226 1031 2263; x_wconf 88' lang='lat' dir='ltr'>ad</span> <span class='ocrx_word' id='word_1_456' title='bbox 1059 2225 1097 2263; x_wconf 87' lang='grc' dir='ltr'>Α.</span> <span class='ocrx_word' id='word_1_457' title='bbox 1126 2224 1161 2271; x_wconf 73' lang='lat'>⁶2,</span> <span class='ocrx_word' id='word_1_458' title='bbox 1193 2226 1251 2264; x_wconf 82' lang='lat'>15.</span> <span class='ocrx_word' id='word_1_459' title='bbox 1280 2226 1428 2264; x_wconf 88' lang='lat' dir='ltr'>Kritzius</span> <span class='ocrx_word' id='word_1_460' title='bbox 1455 2226 1537 2277; x_wconf 85' lang='lat' dir='ltr'>Agr.</span> <span class='ocrx_word' id='word_1_461' title='bbox 1567 2225 1601 2272; x_wconf 89' lang='lat'>8,</span> <span class='ocrx_word' id='word_1_462' title='bbox 1630 2225 1663 2264; x_wconf 82' lang='lat'>5.</span> 
     </span>
    </p>
   </div>
   <div class='ocr_carea' id='block_1_6' title="bbox 137 2312 2411 2425">
    <p class='ocr_par' dir='ltr' id='par_1_6' title="bbox 137 2312 2411 2425">
     <span class='ocr_line' id='line_1_35' title="bbox 323 2312 2411 2366; baseline -0.001 -14"><span class='ocrx_word' id='word_1_463' title='bbox 323 2313 414 2361; x_wconf 73' lang='lat' dir='ltr'>Agr.</span> <span class='ocrx_word' id='word_1_464' title='bbox 441 2312 501 2352; x_wconf 81' lang='lat'>32.</span> <span class='ocrx_word' id='word_1_465' title='bbox 554 2312 623 2351; x_wconf 82' lang='lat' dir='ltr'>Nea</span> <span class='ocrx_word' id='word_1_466' title='bbox 640 2313 815 2362; x_wconf 78' lang='lat' dir='ltr'>quicquam</span> <span class='ocrx_word' id='word_1_467' title='bbox 838 2313 928 2350; x_wconf 84' lang='lat' dir='ltr'>ultra</span> <span class='ocrx_word' id='word_1_468' title='bbox 945 2313 1139 2362; x_wconf 76' lang='lat' dir='ltr'>formidinis</span> <span class='ocrx_word' id='word_1_469' title='bbox 1148 2326 1160 2356; x_wconf 88' lang='lat'><em>;</em></span> <span class='ocrx_word' id='word_1_470' title='bbox 1188 2325 1292 2350; x_wconf 81' lang='lat' dir='ltr'>vacua</span> <span class='ocrx_word' id='word_1_471' title='bbox 1318 2313 1463 2356; x_wconf 81' lang='lat' dir='ltr'>castella,</span> <span class='ocrx_word' id='word_1_472' title='bbox 1490 2324 1605 2350; x_wconf 80' lang='lat' dir='ltr'>senum</span> <span class='ocrx_word' id='word_1_473' title='bbox 1628 2312 1790 2366; x_wconf 56' lang='lat' dir='ltr'>poloniae,</span> <span class='ocrx_word' id='word_1_474' title='bbox 1818 2313 1907 2349; x_wconf 76' lang='lat' dir='ltr'>inter</span> <span class='ocrx_word' id='word_1_475' title='bbox 1932 2312 2021 2349; x_wconf 79' lang='lat' dir='ltr'>male</span> <span class='ocrx_word' id='word_1_476' title='bbox 2044 2317 2201 2361; x_wconf 76' lang='lat' dir='ltr'>parentes</span> <span class='ocrx_word' id='word_1_477' title='bbox 2228 2317 2260 2349; x_wconf 83' lang='lat' dir='ltr'>et</span> <span class='ocrx_word' id='word_1_478' title='bbox 2286 2313 2411 2361; x_wconf 73' lang='lat' dir='ltr'>injuste</span> 
     </span>
     <span class='ocr_line' id='line_1_36' title="bbox 137 2375 1205 2425; baseline 0.003 -14"><span class='ocrx_word' id='word_1_479' title='bbox 137 2375 337 2423; x_wconf 85' lang='lat' dir='ltr'>imperantes</span> <span class='ocrx_word' id='word_1_480' title='bbox 365 2387 501 2425; x_wconf 74' lang='lat' dir='ltr'>aeqra</span> <span class='ocrx_word' id='word_1_481' title='bbox 527 2376 783 2425; x_wconf 81' lang='lat' dir='ltr'>municipia</span> <span class='ocrx_word' id='word_1_482' title='bbox 810 2381 849 2414; x_wconf 88' lang='lat' dir='ltr'>et</span> <span class='ocrx_word' id='word_1_483' title='bbox 876 2376 1205 2414; x_wconf 79' lang='lat' dir='ltr'>discordantia.</span> 
     </span>
    </p>
   </div>
   <div class='ocr_carea' id='block_1_7' title="bbox 135 2450 2411 2947">
    <p class='ocr_par' dir='ltr' id='par_1_7' title="bbox 135 2450 2411 2947">
     <span class='ocr_line' id='line_1_37' title="bbox 324 2450 2410 2500; baseline 0.001 -15"><span class='ocrx_word' id='word_1_484' title='bbox 324 2450 393 2486; x_wconf 88' lang='lat' dir='ltr'>Pro</span> <span class='ocrx_word' id='word_1_485' title='bbox 421 2450 620 2499; x_wconf 83' lang='lat' dir='ltr'>municipia,</span> <span class='ocrx_word' id='word_1_486' title='bbox 649 2451 747 2499; x_wconf 91' lang='lat' dir='ltr'>quod</span> <span class='ocrx_word' id='word_1_487' title='bbox 765 2451 804 2487; x_wconf 93' lang='grc' dir='ltr'><em>Γ</em></span> <span class='ocrx_word' id='word_1_488' title='bbox 820 2452 855 2486; x_wconf 91' lang='grc' dir='ltr'><em>Δ</em></span> <span class='ocrx_word' id='word_1_489' title='bbox 877 2450 1058 2500; x_wconf 87' lang='lat' dir='ltr'>praebent,</span> <span class='ocrx_word' id='word_1_490' title='bbox 1086 2450 1235 2487; x_wconf 87' lang='lat' dir='ltr'>Wexius</span> <span class='ocrx_word' id='word_1_491' title='bbox 1264 2457 1299 2487; x_wconf 88' lang='lat' dir='ltr'>et</span> <span class='ocrx_word' id='word_1_492' title='bbox 1320 2451 1468 2487; x_wconf 85' lang='lat' dir='ltr'>Kritzius</span> <span class='ocrx_word' id='word_1_493' title='bbox 1492 2464 1534 2487; x_wconf 81' lang='lat' dir='ltr'>ex</span> <span class='ocrx_word' id='word_1_494' title='bbox 1557 2452 1715 2500; x_wconf 84' lang='lat' dir='ltr'>margine</span> <span class='ocrx_word' id='word_1_495' title='bbox 1736 2450 1869 2486; x_wconf 89' lang='lat' dir='ltr'>codicis</span> <span class='ocrx_word' id='word_1_496' title='bbox 1886 2450 1925 2485; x_wconf 91' lang='grc' dir='ltr'><strong><em>Γ</em></strong></span> <span class='ocrx_word' id='word_1_497' title='bbox 1941 2455 2155 2499; x_wconf 84' lang='lat' dir='ltr'>receperunt</span> <span class='ocrx_word' id='word_1_498' title='bbox 2175 2451 2410 2500; x_wconf 88' lang='lat' dir='ltr'>mancipia,</span> 
     </span>
     <span class='ocr_line' id='line_1_38' title="bbox 138 2511 2409 2565; baseline 0.002 -18"><span class='ocrx_word' id='word_1_499' title='bbox 138 2511 257 2561; x_wconf 88' lang='lat' dir='ltr'>utique</span> <span class='ocrx_word' id='word_1_500' title='bbox 286 2513 384 2551; x_wconf 82' lang='lat' dir='ltr'>salso.</span> <span class='ocrx_word' id='word_1_501' title='bbox 440 2527 521 2551; x_wconf 89' lang='lat' dir='ltr'>nam</span> <span class='ocrx_word' id='word_1_502' title='bbox 551 2521 735 2552; x_wconf 88' lang='lat' dir='ltr'>enumerat</span> <span class='ocrx_word' id='word_1_503' title='bbox 762 2513 932 2564; x_wconf 86' lang='lat' dir='ltr'>Calgacus</span> <span class='ocrx_word' id='word_1_504' title='bbox 961 2527 1022 2552; x_wconf 86' lang='lat' dir='ltr'>eas</span> <span class='ocrx_word' id='word_1_505' title='bbox 1050 2528 1125 2560; x_wconf 90' lang='lat' dir='ltr'>res,</span> <span class='ocrx_word' id='word_1_506' title='bbox 1159 2528 1247 2565; x_wconf 91' lang='lat' dir='ltr'>quas</span> <span class='ocrx_word' id='word_1_507' title='bbox 1275 2515 1410 2553; x_wconf 84' lang='lat' dir='ltr'>devicta</span> <span class='ocrx_word' id='word_1_508' title='bbox 1438 2527 1582 2551; x_wconf 88' lang='lat' dir='ltr'>romana</span> <span class='ocrx_word' id='word_1_509' title='bbox 1610 2514 1686 2551; x_wconf 91' lang='lat' dir='ltr'>acie</span> <span class='ocrx_word' id='word_1_510' title='bbox 1716 2514 1926 2551; x_wconf 89' lang='lat' dir='ltr'>metuendas</span> <span class='ocrx_word' id='word_1_511' title='bbox 1953 2514 2145 2551; x_wconf 79' lang='lat' dir='ltr'>victoribus</span> <span class='ocrx_word' id='word_1_512' title='bbox 2172 2520 2298 2564; x_wconf 87' lang='lat' dir='ltr'>putare</span> <span class='ocrx_word' id='word_1_513' title='bbox 2326 2515 2409 2564; x_wconf 90' lang='lat' dir='ltr'>quis</span> 
     </span>
     <span class='ocr_line' id='line_1_39' title="bbox 138 2569 2411 2629; baseline 0.002 -18"><span class='ocrx_word' id='word_1_514' title='bbox 138 2576 258 2623; x_wconf 85' lang='lat' dir='ltr'>possit.</span> <span class='ocrx_word' id='word_1_515' title='bbox 315 2583 397 2614; x_wconf 91' lang='lat' dir='ltr'>sunt</span> <span class='ocrx_word' id='word_1_516' title='bbox 423 2583 541 2615; x_wconf 89' lang='lat' dir='ltr'>autem</span> <span class='ocrx_word' id='word_1_517' title='bbox 569 2577 638 2616; x_wconf 69' lang='lat' dir='ltr'>lon·</span> <span class='ocrx_word' id='word_1_518' title='bbox 666 2569 851 2629; x_wconf 88' lang='lat' dir='ltr'>praesidiis</span> <span class='ocrx_word' id='word_1_519' title='bbox 880 2578 1206 2629; x_wconf 89' lang='lat' dir='ltr'>munitionibusque</span> <span class='ocrx_word' id='word_1_520' title='bbox 1235 2578 1379 2623; x_wconf 88' lang='lat' dir='ltr'>firmati,</span> <span class='ocrx_word' id='word_1_521' title='bbox 1417 2577 1545 2628; x_wconf 91' lang='lat' dir='ltr'>quibus</span> <span class='ocrx_word' id='word_1_522' title='bbox 1573 2576 1723 2615; x_wconf 89' lang='lat' dir='ltr'>Romani</span> <span class='ocrx_word' id='word_1_523' title='bbox 1757 2589 1796 2615; x_wconf 91' lang='lat' dir='ltr'>se</span> <span class='ocrx_word' id='word_1_524' title='bbox 1825 2583 1949 2615; x_wconf 91' lang='lat' dir='ltr'>tenere</span> <span class='ocrx_word' id='word_1_525' title='bbox 1977 2577 2133 2628; x_wconf 89' lang='lat' dir='ltr'>indeque</span> <span class='ocrx_word' id='word_1_526' title='bbox 2161 2577 2411 2628; x_wconf 81' lang='lat' dir='ltr'>eruptionibus</span> 
     </span>
     <span class='ocr_line' id='line_1_40' title="bbox 137 2638 2408 2692; baseline 0.003 -18"><span class='ocrx_word' id='word_1_527' title='bbox 137 2638 235 2675; x_wconf 86' lang='lat' dir='ltr'>sactis</span> <span class='ocrx_word' id='word_1_528' title='bbox 263 2639 394 2677; x_wconf 89' lang='lat' dir='ltr'>bellum</span> <span class='ocrx_word' id='word_1_529' title='bbox 423 2641 555 2679; x_wconf 86' lang='lat' dir='ltr'>ducere</span> <span class='ocrx_word' id='word_1_530' title='bbox 584 2655 625 2679; x_wconf 87' lang='lat' dir='ltr'>ac</span> <span class='ocrx_word' id='word_1_531' title='bbox 652 2642 829 2692; x_wconf 90' lang='lat' dir='ltr'>paullatim</span> <span class='ocrx_word' id='word_1_532' title='bbox 857 2641 1071 2680; x_wconf 88' lang='lat' dir='ltr'>Britanniam</span> <span class='ocrx_word' id='word_1_533' title='bbox 1099 2654 1222 2679; x_wconf 88' lang='lat' dir='ltr'>rursus</span> <span class='ocrx_word' id='word_1_534' title='bbox 1251 2642 1426 2692; x_wconf 88' lang='lat' dir='ltr'>subjicere</span> <span class='ocrx_word' id='word_1_535' title='bbox 1455 2642 1601 2691; x_wconf 91' lang='lat' dir='ltr'>possint.</span> <span class='ocrx_word' id='word_1_536' title='bbox 1644 2647 1680 2678; x_wconf 86' lang='lat' dir='ltr'>et</span> <span class='ocrx_word' id='word_1_537' title='bbox 1708 2647 1791 2678; x_wconf 91' lang='lat' dir='ltr'>sunt</span> <span class='ocrx_word' id='word_1_538' title='bbox 1818 2641 1962 2691; x_wconf 91' lang='lat' dir='ltr'>quidem</span> <span class='ocrx_word' id='word_1_539' title='bbox 1992 2642 2028 2678; x_wconf 90' lang='lat' dir='ltr'>in</span> <span class='ocrx_word' id='word_1_540' title='bbox 2056 2640 2233 2679; x_wconf 88' lang='lat' dir='ltr'>Britannia</span> <span class='ocrx_word' id='word_1_541' title='bbox 2263 2642 2408 2680; x_wconf 86' lang='lat' dir='ltr'>castella</span> 
     </span>
     <span class='ocr_line' id='line_1_41' title="bbox 137 2701 2410 2755; baseline 0.002 -17"><span class='ocrx_word' id='word_1_542' title='bbox 137 2702 180 2738; x_wconf 83' lang='lat' dir='ltr'>ef.</span> <span class='ocrx_word' id='word_1_543' title='bbox 219 2701 287 2747; x_wconf 75' lang='lat'>52,</span> <span class='ocrx_word' id='word_1_544' title='bbox 325 2710 380 2741; x_wconf 87' lang='lat' dir='ltr'>est</span> <span class='ocrx_word' id='word_1_545' title='bbox 406 2710 653 2742; x_wconf 88' lang='lat' dir='ltr'>veteranorum</span> <span class='ocrx_word' id='word_1_546' title='bbox 692 2706 829 2742; x_wconf 88' lang='lat' dir='ltr'>colonia</span> <span class='ocrx_word' id='word_1_547' title='bbox 869 2704 1151 2743; x_wconf 89' lang='lat' dir='ltr'>Camulodunum</span> <span class='ocrx_word' id='word_1_548' title='bbox 1190 2706 1246 2754; x_wconf 92' lang='lat' dir='ltr'>(de</span> <span class='ocrx_word' id='word_1_549' title='bbox 1283 2705 1407 2755; x_wconf 90' lang='lat' dir='ltr'>plurali</span> <span class='ocrx_word' id='word_1_550' title='bbox 1444 2718 1593 2742; x_wconf 90' lang='lat' dir='ltr'>numero</span> <span class='ocrx_word' id='word_1_551' title='bbox 1631 2705 1711 2742; x_wconf 90' lang='lat' dir='ltr'>vide</span> <span class='ocrx_word' id='word_1_552' title='bbox 1749 2717 1840 2755; x_wconf 90' lang='lat' dir='ltr'>quae</span> <span class='ocrx_word' id='word_1_553' title='bbox 1877 2718 1911 2755; x_wconf 91' lang='lat' dir='ltr'>p.</span> <span class='ocrx_word' id='word_1_554' title='bbox 1947 2704 1971 2742; x_wconf 84' lang='lat'>5</span> <span class='ocrx_word' id='word_1_555' title='bbox 2000 2705 2044 2742; x_wconf 91' lang='lat' dir='ltr'>ad</span> <span class='ocrx_word' id='word_1_556' title='bbox 2073 2718 2102 2742; x_wconf 89' lang='lat' dir='ltr'>c.</span> <span class='ocrx_word' id='word_1_557' title='bbox 2131 2704 2155 2741; x_wconf 84' lang='lat'>5</span> <span class='ocrx_word' id='word_1_558' title='bbox 2184 2706 2410 2754; x_wconf 86' lang='lat' dir='ltr'>notavimus),</span> 
     </span>
     <span class='ocr_line' id='line_1_42' title="bbox 137 2766 2409 2820; baseline 0.002 -18"><span class='ocrx_word' id='word_1_559' title='bbox 137 2766 407 2816; x_wconf 89' lang='lat' dir='ltr'>municipiorum</span> <span class='ocrx_word' id='word_1_560' title='bbox 436 2768 591 2819; x_wconf 89' lang='lat' dir='ltr'>denique</span> <span class='ocrx_word' id='word_1_561' title='bbox 620 2768 855 2807; x_wconf 86' lang='lat' dir='ltr'>Verulamium</span> <span class='ocrx_word' id='word_1_562' title='bbox 886 2775 941 2807; x_wconf 89' lang='lat' dir='ltr'>est</span> <span class='ocrx_word' id='word_1_563' title='bbox 967 2775 1090 2807; x_wconf 90' lang='lat' dir='ltr'>notum</span> <span class='ocrx_word' id='word_1_564' title='bbox 1118 2782 1186 2806; x_wconf 87' lang='lat' dir='ltr'>nec</span> <span class='ocrx_word' id='word_1_565' title='bbox 1214 2769 1338 2819; x_wconf 90' lang='lat' dir='ltr'>procul</span> <span class='ocrx_word' id='word_1_566' title='bbox 1366 2769 1492 2807; x_wconf 86' lang='lat' dir='ltr'>abesse</span> <span class='ocrx_word' id='word_1_567' title='bbox 1522 2781 1541 2806; x_wconf 87' lang='lat' dir='ltr'>a</span> <span class='ocrx_word' id='word_1_568' title='bbox 1569 2769 1714 2806; x_wconf 79' lang='lat' dir='ltr'>veritate</span> <span class='ocrx_word' id='word_1_569' title='bbox 1743 2768 1900 2813; x_wconf 87' lang='lat' dir='ltr'>videtur,</span> <span class='ocrx_word' id='word_1_570' title='bbox 1938 2768 2035 2819; x_wconf 93' lang='lat' dir='ltr'>quod</span> <span class='ocrx_word' id='word_1_571' title='bbox 2062 2767 2213 2806; x_wconf 87' lang='lat' dir='ltr'>Rotbius</span> <span class='ocrx_word' id='word_1_572' title='bbox 2242 2769 2409 2820; x_wconf 83' lang='lat' dir='ltr'>opinatus</span> 
     </span>
     <span class='ocr_line' id='line_1_43' title="bbox 136 2830 2410 2885; baseline 0.003 -19"><span class='ocrx_word' id='word_1_573' title='bbox 136 2835 199 2875; x_wconf 90' lang='lat' dir='ltr'>est,</span> <span class='ocrx_word' id='word_1_574' title='bbox 227 2830 439 2871; x_wconf 91' lang='lat' dir='ltr'>Londinium</span> <span class='ocrx_word' id='word_1_575' title='bbox 467 2834 503 2871; x_wconf 90' lang='lat' dir='ltr'>in</span> <span class='ocrx_word' id='word_1_576' title='bbox 531 2846 576 2871; x_wconf 88' lang='lat' dir='ltr'>eo</span> <span class='ocrx_word' id='word_1_577' title='bbox 604 2842 755 2872; x_wconf 88' lang='lat' dir='ltr'>numero</span> <span class='ocrx_word' id='word_1_578' title='bbox 784 2833 905 2872; x_wconf 84' lang='lat' dir='ltr'>fuisse.</span> <span class='ocrx_word' id='word_1_579' title='bbox 961 2834 1052 2872; x_wconf 87' lang='lat' dir='ltr'>inter</span> <span class='ocrx_word' id='word_1_580' title='bbox 1087 2833 1178 2872; x_wconf 89' lang='lat' dir='ltr'>male</span> <span class='ocrx_word' id='word_1_581' title='bbox 1211 2838 1377 2885; x_wconf 88' lang='lat' dir='ltr'>parentes</span> <span class='ocrx_word' id='word_1_582' title='bbox 1411 2838 1448 2871; x_wconf 90' lang='lat' dir='ltr'>et</span> <span class='ocrx_word' id='word_1_583' title='bbox 1474 2833 1604 2883; x_wconf 86' lang='lat' dir='ltr'>injuste</span> <span class='ocrx_word' id='word_1_584' title='bbox 1634 2833 1848 2883; x_wconf 88' lang='lat' dir='ltr'>imperantes</span> <span class='ocrx_word' id='word_1_585' title='bbox 1877 2844 1921 2871; x_wconf 83' lang='lat' dir='ltr'>ex</span> <span class='ocrx_word' id='word_1_586' title='bbox 1947 2838 2031 2870; x_wconf 88' lang='lat' dir='ltr'>nota</span> <span class='ocrx_word' id='word_1_587' title='bbox 2059 2832 2115 2870; x_wconf 89' lang='lat' dir='ltr'>illa</span> <span class='ocrx_word' id='word_1_588' title='bbox 2142 2833 2271 2871; x_wconf 88' lang='lat' dir='ltr'>inter</span> <span class='ocrx_word' id='word_1_589' title='bbox 2297 2845 2410 2885; x_wconf 85' lang='lat' dir='ltr'>prae-</span> 
     </span>
     <span class='ocr_line' id='line_1_44' title="bbox 135 2894 2407 2947; baseline 0.003 -18"><span class='ocrx_word' id='word_1_590' title='bbox 135 2894 319 2942; x_wconf 89' lang='lat' dir='ltr'>positionis</span> <span class='ocrx_word' id='word_1_591' title='bbox 348 2896 616 2947; x_wconf 84' lang='lat' dir='ltr'>significatione,</span> <span class='ocrx_word' id='word_1_592' title='bbox 645 2897 690 2934; x_wconf 87' lang='lat' dir='ltr'>de</span> <span class='ocrx_word' id='word_1_593' title='bbox 720 2910 788 2947; x_wconf 90' lang='lat' dir='ltr'>qua</span> <span class='ocrx_word' id='word_1_594' title='bbox 815 2898 923 2934; x_wconf 90' lang='lat' dir='ltr'>locuti</span> <span class='ocrx_word' id='word_1_595' title='bbox 952 2910 1076 2935; x_wconf 91' lang='lat' dir='ltr'>sumus</span> <span class='ocrx_word' id='word_1_596' title='bbox 1104 2897 1148 2934; x_wconf 89' lang='lat' dir='ltr'>ad</span> <span class='ocrx_word' id='word_1_597' title='bbox 1176 2897 1215 2934; x_wconf 88' lang='lat' dir='ltr'>A.</span> <span class='ocrx_word' id='word_1_598' title='bbox 1243 2897 1302 2942; x_wconf 83' lang='lat'>13,</span> <span class='ocrx_word' id='word_1_599' title='bbox 1329 2896 1379 2934; x_wconf 72' lang='lat'>26</span> <span class='ocrx_word' id='word_1_600' title='bbox 1399 2898 1441 2945; x_wconf 82' lang='lat'>³),</span> <span class='ocrx_word' id='word_1_601' title='bbox 1471 2903 1525 2934; x_wconf 89' lang='lat' dir='ltr'>est</span> <span class='ocrx_word' id='word_1_602' title='bbox 1555 2896 1811 2947; x_wconf 87' lang='lat' dir='ltr'>explicandum.</span> <span class='ocrx_word' id='word_1_603' title='bbox 1841 2897 1959 2947; x_wconf 89' lang='lat' dir='ltr'>itaque</span> <span class='ocrx_word' id='word_1_604' title='bbox 1988 2896 2140 2933; x_wconf 84' lang='lat' dir='ltr'>efficitur</span> <span class='ocrx_word' id='word_1_605' title='bbox 2166 2895 2226 2933; x_wconf 90' lang='lat' dir='ltr'>hic</span> <span class='ocrx_word' id='word_1_606' title='bbox 2255 2908 2407 2935; x_wconf 80' lang='lat' dir='ltr'>sensus:</span> 
     </span>
    </p>
   </div>
   <div class='ocr_carea' id='block_1_8' title="bbox 276 3068 2422 3380">
    <p class='ocr_par' dir='ltr' id='par_1_8' title="bbox 276 3068 2411 3168">
     <span class='ocr_line' id='line_1_45' title="bbox 276 3068 2411 3116; baseline 0.002 -16"><span class='ocrx_word' id='word_1_607' title='bbox 276 3068 295 3110; x_wconf 90' lang='lat'>¹)</span> <span class='ocrx_word' id='word_1_608' title='bbox 319 3071 355 3100; x_wconf 81' lang='lat' dir='ltr'>cs.</span> <span class='ocrx_word' id='word_1_609' title='bbox 378 3071 418 3102; x_wconf 77' lang='lat'>32</span> <span class='ocrx_word' id='word_1_610' title='bbox 440 3071 477 3102; x_wconf 87' lang='lat' dir='ltr'>Et</span> <span class='ocrx_word' id='word_1_611' title='bbox 498 3076 615 3103; x_wconf 83' lang='lat' dir='ltr'>ceterae</span> <span class='ocrx_word' id='word_1_612' title='bbox 640 3073 830 3104; x_wconf 84' lang='lat' dir='ltr'>servientium</span> <span class='ocrx_word' id='word_1_613' title='bbox 854 3082 987 3115; x_wconf 91' lang='lat' dir='ltr'>poenae,</span> <span class='ocrx_word' id='word_1_614' title='bbox 1021 3083 1094 3116; x_wconf 87' lang='lat' dir='ltr'>quas</span> <span class='ocrx_word' id='word_1_615' title='bbox 1123 3074 1152 3105; x_wconf 90' lang='lat' dir='ltr'>in</span> <span class='ocrx_word' id='word_1_616' title='bbox 1183 3078 1336 3104; x_wconf 81' lang='lat' dir='ltr'>aeternum</span> <span class='ocrx_word' id='word_1_617' title='bbox 1368 3073 1501 3114; x_wconf 81' lang='lat' dir='ltr'>perferre</span> <span class='ocrx_word' id='word_1_618' title='bbox 1532 3077 1581 3104; x_wconf 86' lang='lat' dir='ltr'>aut</span> <span class='ocrx_word' id='word_1_619' title='bbox 1611 3073 1709 3104; x_wconf 87' lang='lat' dir='ltr'>statim</span> <span class='ocrx_word' id='word_1_620' title='bbox 1741 3073 1887 3104; x_wconf 90' lang='lat' dir='ltr'>ulcisci</span> <span class='ocrx_word' id='word_1_621' title='bbox 1916 3073 1945 3104; x_wconf 88' lang='lat' dir='ltr'>in</span> <span class='ocrx_word' id='word_1_622' title='bbox 1974 3072 2034 3103; x_wconf 86' lang='lat' dir='ltr'>hoc</span> <span class='ocrx_word' id='word_1_623' title='bbox 2064 3081 2170 3113; x_wconf 74' lang='lat' dir='ltr'>campo</span> <span class='ocrx_word' id='word_1_624' title='bbox 2200 3075 2255 3103; x_wconf 65' lang='lat' dir='ltr'>est</span> <span class='ocrx_word' id='word_1_625' title='bbox 2278 3072 2302 3102; x_wconf 77' lang='lat' dir='ltr'>E</span> <span class='ocrx_word' id='word_1_626' title='bbox 2324 3072 2411 3111; x_wconf 74' lang='lat'>5,1⁶</span> 
     </span>
     <span class='ocr_line' id='line_1_46' title="bbox 325 3123 2363 3168; baseline 0.002 -15"><span class='ocrx_word' id='word_1_627' title='bbox 325 3123 475 3155; x_wconf 87' lang='lat' dir='ltr'>Ultioni</span> <span class='ocrx_word' id='word_1_628' title='bbox 497 3126 593 3166; x_wconf 82' lang='lat' dir='ltr'>magis</span> <span class='ocrx_word' id='word_1_629' title='bbox 616 3137 703 3166; x_wconf 85' lang='lat' dir='ltr'>quam</span> <span class='ocrx_word' id='word_1_630' title='bbox 726 3127 841 3167; x_wconf 89' lang='lat' dir='ltr'>proelio</span> <span class='ocrx_word' id='word_1_631' title='bbox 865 3137 942 3168; x_wconf 87' lang='lat' dir='ltr'>opus</span> <span class='ocrx_word' id='word_1_632' title='bbox 964 3132 1019 3158; x_wconf 84' lang='lat' dir='ltr'>est.</span> <span class='ocrx_word' id='word_1_633' title='bbox 1062 3127 1135 3158; x_wconf 84' lang='lat' dir='ltr'>Plio.</span> <span class='ocrx_word' id='word_1_634' title='bbox 1157 3137 1222 3168; x_wconf 82' lang='lat' dir='ltr'>pan.</span> <span class='ocrx_word' id='word_1_635' title='bbox 1247 3128 1286 3157; x_wconf 80' lang='grc'>55</span> <span class='ocrx_word' id='word_1_636' title='bbox 1309 3126 1399 3158; x_wconf 83' lang='lat' dir='ltr'>Divus</span> <span class='ocrx_word' id='word_1_637' title='bbox 1421 3127 1503 3158; x_wconf 89' lang='lat' dir='ltr'>Titus</span> <span class='ocrx_word' id='word_1_638' title='bbox 1527 3127 1678 3158; x_wconf 87' lang='lat' dir='ltr'>securitati</span> <span class='ocrx_word' id='word_1_639' title='bbox 1700 3131 1822 3158; x_wconf 80' lang='lat' dir='ltr'>nostrae</span> <span class='ocrx_word' id='word_1_640' title='bbox 1845 3126 2075 3167; x_wconf 88' lang='lat' dir='ltr'>ultionique</span> <span class='ocrx_word' id='word_1_641' title='bbox 2097 3130 2304 3166; x_wconf 78' lang='lat' dir='ltr'>prospexerat.</span> <span class='ocrx_word' id='word_1_642' title='bbox 2327 3127 2363 3157; x_wconf 80' lang='lat' dir='ltr'>al.</span> 
     </span>
    </p>

    <p class='ocr_par' dir='ltr' id='par_1_9' title="bbox 279 3172 1846 3223">
     <span class='ocr_line' id='line_1_47' title="bbox 279 3172 1846 3223; baseline 0.003 -17"><span class='ocrx_word' id='word_1_643' title='bbox 279 3172 301 3215; x_wconf 82' lang='lat'>²)</span> <span class='ocrx_word' id='word_1_644' title='bbox 326 3175 361 3206; x_wconf 80' lang='lat' dir='ltr'>cs.</span> <span class='ocrx_word' id='word_1_645' title='bbox 385 3177 424 3207; x_wconf 78' lang='lat'>33</span> <span class='ocrx_word' id='word_1_646' title='bbox 448 3178 551 3220; x_wconf 89' lang='lat' dir='ltr'>Neque</span> <span class='ocrx_word' id='word_1_647' title='bbox 573 3189 621 3210; x_wconf 90' lang='lat' dir='ltr'>me</span> <span class='ocrx_word' id='word_1_648' title='bbox 644 3179 767 3212; x_wconf 90' lang='lat' dir='ltr'>militum</span> <span class='ocrx_word' id='word_1_649' title='bbox 791 3190 889 3223; x_wconf 89' lang='lat' dir='ltr'>neque</span> <span class='ocrx_word' id='word_1_650' title='bbox 911 3190 966 3212; x_wconf 87' lang='lat' dir='ltr'>vos</span> <span class='ocrx_word' id='word_1_651' title='bbox 989 3180 1073 3212; x_wconf 88' lang='lat' dir='ltr'>ducis</span> <span class='ocrx_word' id='word_1_652' title='bbox 1094 3179 1241 3222; x_wconf 88' lang='lat' dir='ltr'>poenituit</span> <span class='ocrx_word' id='word_1_653' title='bbox 1262 3198 1302 3203; x_wconf 97' lang='lat'><strong>—</strong></span> <span class='ocrx_word' id='word_1_654' title='bbox 1325 3180 1375 3212; x_wconf 86' lang='lat' dir='ltr'>hat</span> <span class='ocrx_word' id='word_1_655' title='bbox 1397 3180 1478 3211; x_wconf 86' lang='lat' dir='ltr'>nicht</span> <span class='ocrx_word' id='word_1_656' title='bbox 1500 3190 1535 3211; x_wconf 89' lang='lat' dir='ltr'>zu</span> <span class='ocrx_word' id='word_1_657' title='bbox 1558 3190 1650 3211; x_wconf 88' lang='lat' dir='ltr'>reuen</span> <span class='ocrx_word' id='word_1_658' title='bbox 1674 3180 1846 3222; x_wconf 85' lang='lat' dir='ltr'>gebraucht.</span> 
     </span>
    </p>

    <p class='ocr_par' dir='ltr' id='par_1_10' title="bbox 281 3227 2422 3380">
     <span class='ocr_line' id='line_1_48' title="bbox 281 3227 2409 3276; baseline 0.003 -17"><span class='ocrx_word' id='word_1_659' title='bbox 281 3227 303 3265; x_wconf 81' lang='lat'>³)</span> <span class='ocrx_word' id='word_1_660' title='bbox 325 3229 416 3260; x_wconf 87' lang='lat' dir='ltr'>Plane</span> <span class='ocrx_word' id='word_1_661' title='bbox 438 3231 542 3263; x_wconf 88' lang='lat' dir='ltr'>similia</span> <span class='ocrx_word' id='word_1_662' title='bbox 565 3234 661 3264; x_wconf 89' lang='lat' dir='ltr'>nostri</span> <span class='ocrx_word' id='word_1_663' title='bbox 682 3235 742 3265; x_wconf 91' lang='lat' dir='ltr'>loci</span> <span class='ocrx_word' id='word_1_664' title='bbox 764 3239 834 3266; x_wconf 88' lang='lat' dir='ltr'>sunt</span> <span class='ocrx_word' id='word_1_665' title='bbox 863 3236 998 3276; x_wconf 88' lang='lat' dir='ltr'>exempla</span> <span class='ocrx_word' id='word_1_666' title='bbox 1021 3235 1058 3265; x_wconf 89' lang='lat' dir='ltr'>de</span> <span class='ocrx_word' id='word_1_667' title='bbox 1081 3234 1188 3275; x_wconf 88' lang='lat' dir='ltr'>quibus</span> <span class='ocrx_word' id='word_1_668' title='bbox 1210 3235 1341 3275; x_wconf 88' lang='lat' dir='ltr'>loquitur</span> <span class='ocrx_word' id='word_1_669' title='bbox 1362 3235 1488 3266; x_wconf 83' lang='lat' dir='ltr'>Rothius</span> <span class='ocrx_word' id='word_1_670' title='bbox 1510 3235 1546 3266; x_wconf 88' lang='lat' dir='ltr'>ad</span> <span class='ocrx_word' id='word_1_671' title='bbox 1570 3235 1593 3265; x_wconf 84' lang='grc' dir='ltr'><strong>Η</strong></span> <span class='ocrx_word' id='word_1_672' title='bbox 1606 3236 1634 3272; x_wconf 87' lang='grc'>1,</span> <span class='ocrx_word' id='word_1_673' title='bbox 1652 3236 1680 3272; x_wconf 89' lang='grc'>1,</span> <span class='ocrx_word' id='word_1_674' title='bbox 1703 3244 1779 3275; x_wconf 84' lang='lat' dir='ltr'>quae</span> <span class='ocrx_word' id='word_1_675' title='bbox 1802 3234 1840 3265; x_wconf 88' lang='lat' dir='ltr'>ita</span> <span class='ocrx_word' id='word_1_676' title='bbox 1862 3238 1932 3265; x_wconf 83' lang='lat' dir='ltr'>sunt</span> <span class='ocrx_word' id='word_1_677' title='bbox 1955 3237 2135 3274; x_wconf 79' lang='lat' dir='ltr'>comparata,</span> <span class='ocrx_word' id='word_1_678' title='bbox 2156 3237 2189 3264; x_wconf 91' lang='lat' dir='ltr'>ut</span> <span class='ocrx_word' id='word_1_679' title='bbox 2211 3233 2317 3264; x_wconf 87' lang='lat' dir='ltr'>inter</span> <span class='ocrx_word' id='word_1_680' title='bbox 2339 3243 2409 3265; x_wconf 80' lang='lat' dir='ltr'>cum</span> 
     </span>
     <span class='ocr_line' id='line_1_49' title="bbox 324 3283 2422 3330; baseline 0.003 -18"><span class='ocrx_word' id='word_1_681' title='bbox 324 3283 492 3315; x_wconf 85' lang='lat' dir='ltr'>accusativo</span> <span class='ocrx_word' id='word_1_682' title='bbox 520 3285 665 3327; x_wconf 86' lang='lat' dir='ltr'>participii</span> <span class='ocrx_word' id='word_1_683' title='bbox 694 3288 742 3318; x_wconf 83' lang='lat' dir='ltr'>vel</span> <span class='ocrx_word' id='word_1_684' title='bbox 771 3286 908 3329; x_wconf 82' lang='lat' dir='ltr'>adjectivi</span> <span class='ocrx_word' id='word_1_685' title='bbox 936 3287 1017 3319; x_wconf 85' lang='lat' dir='ltr'>vices</span> <span class='ocrx_word' id='word_1_686' title='bbox 1047 3287 1191 3330; x_wconf 83' lang='lat' dir='ltr'>participii</span> <span class='ocrx_word' id='word_1_687' title='bbox 1221 3291 1271 3319; x_wconf 91' lang='lat' dir='ltr'>aut</span> <span class='ocrx_word' id='word_1_688' title='bbox 1299 3287 1412 3320; x_wconf 80' lang='lat' dir='ltr'>relativi</span> <span class='ocrx_word' id='word_1_689' title='bbox 1442 3292 1492 3319; x_wconf 86' lang='lat' dir='ltr'>aut</span> <span class='ocrx_word' id='word_1_690' title='bbox 1519 3288 1647 3319; x_wconf 88' lang='lat' dir='ltr'>absoluti</span> <span class='ocrx_word' id='word_1_691' title='bbox 1671 3287 1752 3329; x_wconf 89' lang='lat' dir='ltr'>quod</span> <span class='ocrx_word' id='word_1_692' title='bbox 1775 3287 1877 3319; x_wconf 89' lang='lat' dir='ltr'>dicunt</span> <span class='ocrx_word' id='word_1_693' title='bbox 1899 3287 2046 3319; x_wconf 88' lang='lat' dir='ltr'>sustineat</span> <span class='ocrx_word' id='word_1_694' title='bbox 2067 3286 2104 3318; x_wconf 79' lang='lat' dir='ltr'>cf.</span> <span class='ocrx_word' id='word_1_695' title='bbox 2126 3286 2150 3317; x_wconf 85' lang='grc' dir='ltr'><strong><em>Η</em></strong></span> <span class='ocrx_word' id='word_1_696' title='bbox 2173 3286 2202 3325; x_wconf 90' lang='grc'>1,</span> <span class='ocrx_word' id='word_1_697' title='bbox 2218 3286 2261 3317; x_wconf 68' lang='lat' dir='ltr'>:u</span> <span class='ocrx_word' id='word_1_698' title='bbox 2282 3286 2422 3322; x_wconf 20' lang='lat' dir='ltr'>Credula.</span> 
     </span>
     <span class='ocr_line' id='line_1_50' title="bbox 324 3336 968 3380; baseline 0.011 -13"><span class='ocrx_word' id='word_1_699' title='bbox 324 3336 398 3368; x_wconf 84' lang='lat' dir='ltr'>fama</span> <span class='ocrx_word' id='word_1_700' title='bbox 420 3336 527 3370; x_wconf 87' lang='lat' dir='ltr'>inter</span> <span class='ocrx_word' id='word_1_701' title='bbox 548 3339 714 3380; x_wconf 79' lang='lat' dir='ltr'>gaudentes</span> <span class='ocrx_word' id='word_1_702' title='bbox 737 3344 768 3373; x_wconf 91' lang='lat' dir='ltr'>et</span> <span class='ocrx_word' id='word_1_703' title='bbox 789 3341 968 3374; x_wconf 87' lang='lat' dir='ltr'>incuriosos.</span> 
     </span>
    </p>
   </div>
   <div class='ocr_carea' id='block_1_9' title="bbox 2152 3394 2205 3432">
    <p class='ocr_par' dir='ltr' id='par_1_11' title="bbox 2152 3394 2205 3432">
     <span class='ocr_line' id='line_1_51' title="bbox 2152 3394 2205 3432; baseline 0 -26"><span class='ocrx_word' id='word_1_704' title='bbox 2152 3394 2205 3432; x_wconf 70' lang='lat'>4.</span> 
     </span>
    </p>
   </div>
   <div class='ocr_carea' id='block_1_10' title="bbox 2633 0 2651 3500">
    <p class='ocr_par' dir='ltr' id='par_1_12' title="bbox 2633 0 2651 3500">
     <span class='ocr_line' id='line_1_52' title="bbox 2633 0 2651 3500; baseline 0 0"><span class='ocrx_word' id='word_1_705' title='bbox 2633 0 2651 3500; x_wconf 95' lang='lat' dir='ltr'> </span> 
     </span>
    </p>
   </div>
  </div>
 </body>
</html>
