2651 3500
154 302 165 315 .
233 223 2229 322 ⁵³³·,finnmqmffl)oeummmmmmmmmrdwm(sunt)

195 347 200 354 ι
275 315 1846 376 ψῃψαὼωυυιάᾡωωυᾱοηωοάωαωεηήὠων

219 392 227 399 '
340 391 526 440 poth-o
552 387 662 439 icitia·
686 387 872 424 enuntiato
906 386 1102 432 indicatur,
1137 386 1262 437 quales
1298 388 1498 424 animorum
1535 392 1654 424 motus
1687 393 1724 425 et
1755 386 2006 426 Britannorum
2039 395 2077 426 et
2102 396 2355 427 veteranorum
2382 389 2442 428 ili·

9 431 31 462 ’ξ
73 448 77 453 ”
149 450 326 504 W
334 450 529 491 decer-int
552 451 739 489 notissima
765 463 811 490 ex
837 450 920 502 lege
947 451 1118 490 orationis
1145 451 1303 497 vinctae,
1340 457 1380 491 ut
1412 451 1535 491 ultimo
1562 450 1725 491 membro
1753 464 1795 491 ea
1824 465 1918 503 quae
1946 453 2167 504 praecedunt
2194 452 2461 506 compreben-,

0 3452 87 3500 Ψ
126 3479 129 3481 Α
358 3488 361 3490 ,

150 513 290 562 m,
319 513 367 554 de
393 524 464 567 qua
491 526 531 553 re
558 513 641 553 vide
668 513 940 566 Naegelsbachii
967 514 1085 553 latein.
1114 514 1183 552 stil.
1211 526 1244 566 p.
1274 513 1363 552 558.

341 639 388 678 A.
413 639 473 686 14,
486 637 546 678 6⁷.
598 636 787 676 Librorum
815 650 922 676 manu
951 638 1164 688 scriptorum
1194 637 1301 676 verba
1328 636 1419 676 haec
1447 643 1549 676 sunt:
1831 672 1836 676 .

254 701 426 753 meret
450 713 586 752 segnem
610 706 753 739 mortem
780 702 922 739 otium
948 702 1222 751 suffugium,
1260 707 1292 738 et
1317 703 1433 751 magni
1459 703 1606 739 nominis
1632 704 1977 740 miserationem
2004 709 2218 752 reperturum
2243 705 2345 743 bonos
2363 717 2442 743 con·

149 767 357 806 aecium
375 767 527 805 audace&
556 764 655 817 quod
673 765 782 816 vulgo
800 764 949 817 legitur:
978 765 1095 803 mise
1107 766 1228 802 ratio
1240 778 1263 802 n
1275 778 1295 803 e
1324 771 1547 816 reperturum
1575 766 1692 803 bonos
1720 767 2008 804 consociaturum
2027 767 2192 812 audaces,
2221 770 2338 818 magis
2356 769 2442 807 mibi

150 842 196 869 ex
208 829 319 869 Taciti
333 842 402 869 mu
421 830 561 869 videtur
582 829 796 868 emendare:
821 830 1087 868 miserationem
1107 836 1375 879 reperturam
1394 829 1511 867 bonos
1530 831 1786 868 consociatu
1794 843 1878 868 ram
1898 831 2061 869 audaces.
2078 830 2121 869 cf.
2137 831 2176 868 H.
2192 831 2228 877 5,
2244 830 2315 877 255
2334 832 2444 872 Pabst

149 892 300 946 eelogae
328 893 506 933 Tacitinae
534 905 568 946 p.
599 891 687 932 304.
731 892 796 932 sed
823 892 896 931 hoc
922 892 1065 932 levioris
1093 893 1275 939 momenti,
1304 894 1444 945 gravius
1472 893 1611 931 adflicta
1639 900 1723 932 sunt
1749 888 1855 932 verba
1875 907 1967 945 quae
1986 901 2067 933 ante
2087 901 2171 933 sunt
2188 895 2315 946 posita.
2348 908 2441 947 quae

149 963 190 997 ut
207 964 310 998 recte
329 958 578 1004 emendentur,
606 957 697 996 haec
716 958 973 996 animadvertas
995 958 1110 995 velim.
1148 970 1363 1008 quamquam
1392 958 1568 1009 effugeret
1595 971 1744 1009 segnem
1773 965 1923 996 mortem
1953 966 1989 997 et
2016 960 2282 998 miserationem
2310 973 2441 1012 reper-

151 1028 266 1061 tunm
293 1022 412 1060 bonos
439 1034 506 1072 per
534 1027 571 1059 et
596 1022 803 1072 particulam
833 1023 926 1059 inter
953 1034 992 1060 se
1021 1023 1162 1059 conecti
1188 1029 1351 1071 possunt,
1379 1022 1496 1059 tamen
1520 1022 1667 1060 dubium
1692 1035 1764 1060 non
1789 1028 1853 1067 est,
1883 1024 1968 1072 quin
1993 1024 2103 1061 multo
2127 1024 2325 1074 expeditior
2349 1037 2440 1075 pro-

151 1085 333 1137 grediatur
359 1086 483 1132 oratio,
510 1086 541 1125 si
570 1099 614 1124 ex
642 1085 761 1124 verbis
789 1090 910 1136 aperte
939 1085 1115 1136 corruptis
1143 1085 1254 1124 otium
1283 1085 1477 1137 suffugium
1505 1085 1610 1125 talem
1639 1086 1821 1125 eliciamus
1845 1087 2067 1133 sententiam,
2096 1093 2134 1126 ut
2157 1086 2439 1128 adhortationem
2507 1082 2512 1088 ’

150 1148 329 1202 effugeret
346 1161 497 1202 segnem
516 1153 669 1188 mortem
689 1149 929 1200 subsequatur
952 1149 1067 1187 statim
1092 1149 1347 1187 demonstratio
1377 1150 1463 1195 viae,
1488 1161 1557 1201 qua
1581 1150 1742 1201 effugere
1761 1151 1884 1201 possit.
1914 1151 1949 1188 id
1968 1151 2062 1188 effici
2082 1158 2168 1201 puto
2188 1152 2440 1189 emendatione

151 1211 272 1252 Orellii
301 1220 338 1252 et
365 1213 559 1264 Nipperdei
587 1213 760 1250 obvium
789 1213 973 1263 effugium,
1002 1225 1093 1262 quae
1121 1214 1228 1249 verba
1257 1226 1330 1249 non
1358 1215 1589 1263 appositionis
1618 1215 1726 1250 modo
1754 1215 1798 1250 ad
1828 1221 1978 1252 mortem
2002 1215 2119 1251 addita
2143 1215 2208 1251 sed
2232 1216 2278 1251 ita
2302 1217 2440 1265 accipio

149 1278 276 1329 posita,
304 1284 345 1316 ut
371 1278 439 1316 iam
467 1277 551 1316 inde
579 1277 624 1315 ab
651 1276 708 1314 bis
735 1277 854 1315 verbis
883 1277 1026 1327 incipiat
1053 1276 1259 1327 explicativa
1293 1283 1332 1315 ut
1364 1277 1408 1315 ita
1447 1278 1561 1316 dicam
1598 1278 1790 1323 sententia,
1829 1291 1902 1329 quo
1941 1278 2049 1316 modo
2086 1285 2236 1317 mortem
2277 1278 2439 1330 effugere

150 1342 267 1393 possit
292 1340 448 1381 Plautus.
490 1339 653 1380 hortatur
685 1341 791 1391 igitur
818 1340 855 1379 L.
883 1340 1055 1379 Antistius
1076 1340 1151 1379 fere
1175 1340 1270 1379 idem
1290 1340 1420 1391 quod
1412 1354 1447 1379 in
1467 1341 1554 1379 urbe
1575 1341 1666 1379 fama
1685 1342 1947 1393 percrebuerat,
1977 1342 2119 1394 fugeret
2137 1342 2181 1380 ad
2198 1341 2438 1380 Corbulonem

150 1405 309 1451 Plautus,
336 1405 392 1443 his
419 1405 558 1442 verbis.
589 1405 766 1455 effugeret
783 1417 933 1455 segnem
952 1410 1115 1449 mortem,
1143 1398 1312 1441 obvium
1343 1405 1583 1455 suffugium
1603 1407 1665 1454 (sc.
1687 1408 1781 1454 esse)
1802 1412 1838 1443 et
1857 1407 1974 1456 magni
1995 1408 2150 1444 nominis
2170 1407 2438 1444 miserationem

151 1475 372 1521 reperturam
399 1469 517 1508 bonos
546 1470 828 1507 consociaturam
857 1468 1031 1514 audaces3
1061 1481 1153 1519 quae
1182 1468 1234 1506 sic
1261 1474 1396 1507 vertas:
1427 1481 1465 1506 er
1493 1469 1581 1507 solle
1604 1468 1805 1507 verzichten
1825 1469 1889 1508 auf
1907 1470 2013 1508 einen
2039 1469 2157 1508 faulen
2181 1469 2254 1516 tod,
2284 1468 2442 1508 zussucht

151 1535 205 1573 sei
232 1535 269 1572 in
296 1534 363 1572 der
388 1532 505 1571 naehe
538 1532 613 1571 und
642 1533 705 1570 das
733 1532 867 1571 mitleid
894 1532 958 1570 mit
985 1533 1122 1570 seinem
1152 1545 1303 1583 grossen
1332 1545 1460 1570 namen
1488 1533 1607 1571 werde
1635 1534 1742 1571 brave
1771 1546 1941 1571 maenner
1968 1533 2090 1572 finden
2119 1534 2193 1571 und
2222 1533 2347 1572 kiihne
2377 1546 2437 1571 um

150 1597 213 1636 ihn
228 1597 391 1636 scharen.
412 1598 457 1635 de
477 1597 595 1635 obvii
614 1598 777 1647 adjectivi
792 1603 967 1648 potestate
986 1598 1030 1635 cf.
1046 1597 1085 1634 A.
1100 1596 1160 1642 15,
1175 1596 1226 1635 59
1246 1596 1380 1635 Cuncta
1399 1604 1560 1648 prompta
1580 1604 1616 1635 et
1635 1598 1757 1635 obvia
1778 1598 1968 1643 haberent,
1990 1598 2034 1636 de
2056 1611 2107 1636 su
2120 1598 2137 1636 f
2143 1598 2161 1635 f
2167 1612 2188 1636 u
2201 1598 2265 1649 gii
2280 1598 2319 1635 A.
2337 1597 2372 1643 5,
2389 1597 2440 1635 '14

150 1661 202 1700 Ex
226 1663 308 1712 quis
333 1660 521 1700 Cornelius
549 1660 670 1711 Scipio
699 1661 837 1712 legatus
865 1661 1028 1712 praefuit,
1058 1674 1126 1711 qua
1155 1661 1335 1711 praedatio
1364 1662 1400 1698 in
1420 1661 1625 1711 Leptitanos
1654 1667 1690 1699 et
1717 1661 1935 1712 suffugia
1964 1660 2221 1701 Garamantum.
2251 1661 2286 1707 4,
2303 1661 2353 1700 66
2377 1661 2438 1698 fin.

342 1786 434 1834 Agr.
461 1786 495 1822 5.
549 1784 619 1823 Nec
649 1783 808 1832 Ayricola
843 1785 982 1821 licenter·
1014 1796 1109 1821 more
1133 1785 1311 1831 juvenum,
1349 1785 1407 1833 qui
1438 1785 1598 1821 militiam
1625 1786 1662 1821 in
1688 1785 1864 1822 lasciviam
1890 1790 2038 1828 vertunt,
2075 1798 2180 1834 neque
2215 1785 2361 1833 seqniter
2397 1784 2441 1821 ad

151 1849 349 1899 voluptates
366 1854 397 1889 et
424 1853 627 1886 commeatus
653 1849 789 1885 titulum
817 1848 1006 1885 tribunatus
1034 1852 1065 1885 et
1091 1848 1260 1885 inscitiam
1287 1848 1435 1885 rettulit:
1461 1849 1519 1885 sed
1544 1860 1678 1885 noscere
1700 1849 1914 1896 provinciam
1940 1849 2034 1886 nosci
2062 1849 2234 1891 exercitui,
2264 1848 2391 1885 discere
2418 1858 2441 1883 α

149 1915 271 1963 peritis
290 1914 385 1963 sequi
405 1914 559 1962 optimos,
578 1913 666 1950 nihil
686 1918 841 1961 appetere
859 1914 897 1950 in
914 1913 1134 1961 jactationem
1153 1913 1239 1949 nihil
1258 1912 1297 1949 ob
1315 1913 1531 1960 formidinem
1549 1924 1725 1956 recusare,·
1747 1913 1912 1962 simulque
1931 1919 1962 1949 et
1982 1913 2105 1949 anxius
2125 1918 2155 1949 et
2169 1913 2315 1949 intentus
2330 1923 2438 1960 agere.

344 1974 469 2014 Omnis
497 1977 567 2013 loci
596 1976 784 2013 difficultas
812 1976 895 2013 inde
924 1981 1003 2013 nata
1031 1975 1116 2013 mihi
1144 1976 1292 2020 videtur,
1320 1976 1418 2025 quod
1442 1976 1548 2013 verba
1572 1982 1609 2013 et
1627 1976 1799 2013 inscitiam
1819 1976 1862 2012 ab
1888 1976 2053 2013 omnibus
2077 1981 2218 2026 praeter
2238 1975 2437 2013 Beckerum

153 2045 189 2078 et
215 2039 417 2078 Walchium
445 2039 642 2077 editoribus
677 2052 742 2090 pro
772 2039 882 2077 altero
911 2039 1054 2089 objecto
1084 2039 1313 2088 accipiuntur,
1341 2045 1380 2076 ut
1408 2039 1452 2076 sit
1479 2039 1652 2076 inscitiam
1680 2041 1718 2075 ἐκ
1745 2037 1976 2087 παραλλήλου
2005 2040 2159 2089 positum
2188 2051 2269 2075 cum
2297 2038 2436 2075 titulum

151 2103 360 2141 tribunatus.
396 2104 441 2140 ita
470 2103 531 2141 uhi
559 2103 750 2141 verborum
780 2108 983 2140 contextum
1009 2102 1230 2147 constituisti,
1259 2102 1343 2152 quid
1369 2102 1435 2139 sibi
1458 2103 1542 2140 velit
1564 2115 1682 2153 neque
1708 2103 1865 2153 segniter
1888 2104 1943 2140 vix
1968 2104 2172 2153 perspicias.
2203 2115 2311 2152 quare
2335 2102 2439 2140 aliam

152 2167 244 2205 viam
275 2167 574 2217 circumspicienti
603 2166 692 2204 haec
720 2165 805 2204 mihi
834 2166 1098 2216 expeditissima
1127 2172 1182 2203 est
1210 2166 1292 2216 visa.
1323 2166 1495 2203 inscitiam
1524 2179 1588 2216 per
1619 2173 1654 2203 et
1683 2166 1887 2216 particulam
1916 2179 1989 2203 non
2019 2179 2099 2203 cum
2129 2166 2270 2215 objecto
2299 2165 2437 2202 titulum

151 2231 362 2276 tribunatus,
387 2231 453 2268 sed
473 2243 555 2268 cum
573 2230 691 2268 verbis
710 2230 754 2267 ad
773 2230 972 2280 voluptates
992 2235 1027 2267 et
1047 2235 1266 2267 commeatus
1285 2236 1371 2280 puto
1397 2242 1478 2267 esse
1500 2230 1735 2279 conjunctam,
1760 2231 1804 2267 ita
1825 2236 1863 2267 ut
1881 2230 1924 2267 ad
1945 2230 2142 2280 voluptates
2163 2235 2198 2267 et
2218 2234 2439 2266 commeatus

152 2300 189 2333 et
214 2295 374 2341 licenter,
402 2295 471 2344 (ad)
500 2295 674 2333 inscitiam
703 2300 739 2332 et
766 2294 924 2345 segniter
951 2295 1043 2331 inter
1071 2306 1110 2331 se
1139 2294 1392 2344 respondeant.
1421 2293 1504 2331 huic
1524 2295 1849 2344 interpretationem
1874 2306 1992 2344 neque
2023 2294 2251 2331 inscitiae
2280 2298 2439 2343 potestas

152 2366 339 2411 repugnat,
368 2373 439 2410 quo
459 2359 644 2405 vocabulo,
673 2364 712 2397 ut
729 2359 848 2397 verbis
868 2358 904 2397 F.
924 2358 1092 2397 Schultzii
1118 2371 1192 2409 syn.
1217 2358 1273 2396 lat.
1297 2357 1371 2396 198
1400 2357 1486 2404 utar,
1516 2358 1704 2396 denotatur
1737 2359 1816 2404 „die
1846 2358 2028 2397 dauernde
2058 2358 2208 2410 geistige
2238 2356 2438 2407 unbeweg-

151 2422 298 2462 lichkeit
316 2423 391 2461 und
410 2422 808 2475 ungeschicklichkeit“,
833 2435 952 2473 neque
973 2422 1152 2472 objectum
1172 2423 1264 2459 inter
1283 2422 1389 2459 verba
1415 2422 1459 2458 ad
1480 2423 1677 2472 voluptates
1697 2429 1733 2459 et
1751 2428 1971 2460 commeatus
1991 2430 2027 2460 et
2045 2423 2219 2476 inscitiam
2239 2421 2439 2471 interposi-

152 2494 246 2533 tum,
282 2488 384 2537 cujus
417 2487 608 2525 verborum
638 2486 882 2545 collocationis
910 2499 930 2524 3
957 2486 1141 2537 Meiringio
1171 2499 1316 2537 gramm.
1346 2486 1401 2523 lat.
1431 2485 1591 2538 &1017
1623 2487 1655 2523 d.
1686 2487 1764 2524 adn.
1794 2487 1996 2537 exemplum
2025 2493 2081 2524 est
2108 2491 2266 2523 notatum
2295 2499 2339 2523 ex
2366 2483 2437 2522 Cic.

152 2550 251 2589 Verr.
282 2551 315 2596 1,
342 2550 390 2589 15
419 2551 498 2601 lpse
527 2550 623 2588 Sulla
652 2550 695 2587 ab
724 2563 763 2587 se
792 2550 973 2587 hominem
1003 2556 1108 2600 atque
1136 2550 1179 2587 ab
1208 2550 1364 2587 exercitu
1393 2563 1459 2587 suo
1488 2551 1645 2595 removit,
1675 2551 1718 2588 cf.
1748 2557 1930 2600 praeterea
1958 2550 2038 2587 Tac.
2067 2550 2105 2586 A.
2138 2549 2197 2594 14,
2223 2548 2271 2587 62
2301 2549 2439 2587 Terruit

153 2615 259 2652 simul
281 2615 484 2651 audientem
506 2622 542 2651 et
561 2614 733 2651 accendit.
760 2615 836 2650 sim.
859 2614 1015 2662 denique
1037 2614 1121 2650 nihil
1143 2613 1352 2650 offensionis
1374 2626 1455 2650 esse
1477 2614 1511 2649 in
1533 2627 1587 2657 eo,
1608 2615 1705 2663 quod
1726 2615 1769 2651 ad
1790 2614 2006 2663 praepositio
2028 2618 2108 2650 ante
2131 2613 2303 2650 inscitiam
2326 2613 2439 2656 deest,

154 2678 242 2716 satis
270 2678 391 2716 multis
420 2678 594 2715 docemur
622 2677 795 2727 exemplis
825 2677 869 2714 cf.
890 2676 929 2714 H.
953 2676 985 2722 1,
1002 2676 1052 2714 46
1080 2677 1133 2714 Ad
1159 2677 1352 2714 seditiones
1377 2682 1412 2714 et
1434 2677 1629 2719 discordias
1658 2684 1693 2715 et
1721 2677 1764 2714 ad
1793 2684 1988 2715 extremum
2018 2676 2107 2714 bella
2140 2676 2249 2713 civilia
2280 2675 2438 2716 ruebant,

156 2748 192 2778 et
219 2753 311 2791 quae
340 2741 454 2777 attulit
480 2741 717 2790 Nipperdeius
747 2741 789 2776 ad
818 2741 857 2777 A.
887 2740 922 2785 2,
938 2740 998 2777 68.

346 2804 476 2854 quodsi
504 2804 560 2841 vel
589 2817 682 2841 unus
711 2803 819 2841 Taciti
848 2803 903 2841 vel
932 2804 1109 2853 aqualium
1139 2803 1350 2853 scriptorum
1379 2803 1480 2840 locus
1509 2802 1592 2840 mihi
1623 2810 1719 2841 esset
1742 2810 1893 2854 praesto,
1924 2816 1995 2854 quo
2026 2809 2315 2841 commeatus
2344 2799 2439 2836 idem

157 2868 274 2906 valere
309 2867 593 2906 demonstrarem
631 2880 673 2905 ac
710 2873 880 2918 quaestus
908 2867 1174 2918 „gelderwerb“
1209 2867 1300 2904 sicut
1333 2866 1441 2904 Plaut.
1472 2867 1601 2904 Pseud.
1644 2866 1721 2904 424
1751 2867 1824 2911 Qua
1854 2869 1888 2905 in
1918 2874 2229 2905 commeatum
2258 2864 2438 2901 volueram

158 2932 487 2982 argentarium
515 2931 691 2981 proficisci
721 2931 767 2967 ibi
796 2943 890 2968 nunc
920 2926 1052 2980 oppido
1082 2931 1285 2980 obsaeptast
1313 2931 1382 2975 via,
1421 2943 1497 2967 cam
1528 2931 1595 2968 vim
1626 2938 1845 2968 commeatus
1874 2931 1983 2968 verbo
2013 2932 2117 2968 etiam
2146 2930 2215 2966 hoc
2244 2928 2325 2964 loco
2354 2927 2437 2963 vin-

153 2995 320 3033 dicarem.
344 3008 426 3032 nam
442 2995 539 3045 quod
554 2994 762 3032 Plutarchus
779 2995 877 3032 Caes.
897 2994 944 3032 19
961 2991 1043 3031 ὅσοι
1058 2997 1130 3031 τῶν
1143 2997 1326 3042 ἐπιᾳανοῖν
1339 2995 1398 3031 καὶ
1414 2994 1501 3031 νέων
1515 2993 1612 3040 αὐτῷ
1624 2994 1861 3043 συνεξῆλθον,
1876 2993 1927 3037 οἷς
1946 2993 1991 3043 δή
2011 2995 2152 3042 τρυφῇ
2176 2989 2439 3042 χρησόμενοι

152 3059 212 3097 καὶ
229 3061 466 3109 χρηματισμῷ
483 3057 574 3107 μετοέ
592 3059 785 3107 Καίσαρος
811 3059 982 3108 στρατείᾳ
1001 3057 1113 3108 (Caes.
1135 3058 1167 3096 b.
1190 3072 1221 3109 g.
1246 3058 1277 3104 1,
1294 3058 1354 3104 59,
1371 3057 1407 3106 2)
1432 3058 1550 3104 refert,
1580 3059 1674 3096 idem
1702 3060 1738 3096 in
1767 3059 1928 3097 tribunos
1956 3058 2104 3095 militum
2135 3056 2258 3107 quales
2287 3055 2439 3093 Neronis

153 3129 255 3160 erant
281 3129 394 3159 aetate
424 3123 526 3159 cadit.
582 3123 679 3172 quod
709 3135 790 3158 cum
818 3123 959 3171 probari
988 3135 1060 3158 non
1089 3135 1197 3171 posse
1225 3123 1394 3167 videatur,
1423 3123 1725 3171 acquiescendum
1754 3129 1809 3159 est
1832 3124 1867 3159 in
1892 3122 2076 3159 notissima
2100 3121 2156 3157 illa
2180 3120 2438 3170 significatione

153 3186 338 3233 ,‚urlaub.“
380 3187 498 3237 itaque
527 3191 648 3224 nostra
675 3185 796 3236 linqua
825 3186 876 3223 sic
905 3186 980 3224 fere
1008 3186 1193 3224 verterim:
1237 3186 1280 3223 da
1309 3185 1474 3224 beniitzte
1504 3185 1599 3224 denn
1626 3184 1790 3237 Agricola
1820 3185 1944 3224 seinen
1972 3183 2212 3222 tribunentitel
2241 3182 2338 3230 nicht
2365 3194 2439 3220 un-

154 3249 355 3289 ordentlich
389 3249 481 3288 nach
510 3255 563 3288 art
591 3249 655 3288 der
679 3249 817 3300 jungen
851 3249 966 3295 leute,
1004 3250 1061 3288 die
1096 3250 1166 3287 den
1194 3249 1433 3300 kriegsdienst
1466 3263 1508 3287 zu
1546 3250 1663 3287 einem
1692 3252 1831 3287 wiisten
1859 3249 1996 3288 treiben
2025 3248 2194 3294 macheu,
2232 3248 2306 3286 und
2342 3243 2441 3283 nicht

152 3313 620 3366 bequemlichkeitsliebend
648 3327 691 3352 zu
719 3316 1004 3365 vergniigungen
1033 3314 1106 3351 und
1135 3313 1258 3351 urlaub
1288 3313 1361 3351 und
1389 3314 1697 3351 nichtslernender
1724 3313 1989 3364 unthaetigkeit,
2018 3313 2175 3351 sondern
2204 3317 2270 3350 cet.
