2651 3500
166 198 301 260 &ppo
336 218 428 260 quae
465 215 540 245 non·
576 213 673 262 extra
708 202 892 243 hominum
930 203 1068 243 animos
1103 203 1173 259 sita
1205 202 1364 255 ideoque
1397 215 1470 254 quo
1496 202 1618 244 lubeat
1642 195 2142 255 temporem-umacus&
2163 196 2457 244 dhorn-nit

169 266 310 310 hobiius
345 270 389 309 ab
425 269 551 308 animis
586 268 674 319 ipsis
710 266 874 324 petenda.
927 279 1052 306 verum
1077 266 1237 306 Kleinius
1274 266 1361 305 vidit
1396 278 1605 319 proponens
1641 267 1928 318 tranquillitatem
1961 268 2074 319 atque
2110 267 2224 306 otium
2236 267 2442 319 meritis

112 323 114 326 V
137 382 140 385 ι
169 336 273 381 amit,
301 333 428 373 suchte
455 344 497 371 er
522 331 609 383 klug
635 331 735 370 seine
763 330 852 379 rube
880 330 955 370 und
986 329 1358 382 zuriiekgezogenheit
1383 331 1465 379 (von
1503 330 1575 369 deu
1603 329 1933 382 staatsgescbissen)
1968 343 2012 369 zu
2044 329 2268 370 vermehren.
2322 328 2442 370 otium

170 399 265 437 enim
292 398 387 436 auxit
412 396 457 434 ad
485 408 543 433 res
579 395 739 446 publicas
776 407 881 445 quam
918 394 1062 432 minime
1089 399 1215 444 posset
1239 393 1428 439 accedens,-
1456 406 1569 445 eaque
1597 394 1673 444 ipsa
1692 406 1731 431 re
1751 407 1833 432 cum
1852 394 2050 445 periculum
2070 394 2193 432 mortis
2211 394 2441 438 minueretur,

169 460 399 513 tranquillitas
427 465 529 497 aucta
555 463 619 497 est.

273 605 277 610 ,
347 557 451 606 ’Δςιπ
481 556 543 595 48.
590 554 634 592 Et
665 555 805 604 augebat
837 554 1086 591 miserationem
1121 559 1275 591 constans
1311 566 1429 591 rumor
1465 566 1588 592 veneno
1623 555 1861 603 interceptum:
1898 554 2027 592 nobis
2061 554 2184 592 nihil
2219 555 2442 604 comperti

172 622 417 671 affirmare
439 621 592 657 ausim.

360 692 398 732 Si
426 692 675 732 emendatione
704 704 795 742 opus
822 698 934 737 esset,
968 692 1165 742 reciperem
1194 704 1299 742 quam
1326 690 1438 729 Haase
1467 692 1653 742 proposuit
1678 691 1782 730 nobis
1809 691 1895 730 nihil
1924 691 2115 743 comperti;
2151 704 2237 730 nec
2265 690 2442 730 affirmare

173 757 296 828 augin..
339 757 403 795 sed
432 756 596 794 codicum
623 755 729 793 lectio
757 755 895 793 videtur
922 767 1031 806 posse
1059 755 1212 792 retineri.
1259 755 1485 793 inveniuntur
1512 755 1606 792 enim
1634 754 1714 801 loci,
1743 755 1872 806 quibus
1900 754 2199 806 non-particula,
2227 766 2441 806 quamquam

172 834 244 857 non
272 821 316 857 ad
344 828 454 858 totam
482 820 693 857 sententiam
721 819 786 855 sed
814 820 859 855 ad
886 820 1037 869 aliquam
1065 825 1198 855 tantum
1226 820 1402 855 enunciati
1431 826 1564 869 partem
1593 821 1760 869 pertinet,
1799 833 1872 856 non
1906 827 1987 857 ante
2020 820 2110 857 haec
2138 822 2212 870 ipsa
2240 820 2348 856 verba
2376 819 2442 856 sed

171 884 269 923 initio
297 885 404 923 totius
433 883 629 922 sententiae
657 889 713 921 est
739 882 862 933 posita,
901 882 944 920 cf.
973 882 1012 920 A.
1043 880 1102 928 1⁴2,
1131 881 1182 920 56
1209 881 1254 920 At
1280 895 1370 920 non
1398 881 1584 921 Caratacus
1620 889 1680 921 aut
1715 883 1811 921 vultu
1849 883 2007 922 demisso
2044 890 2105 922 aut
2141 883 2259 922 verbis
2296 883 2441 921 miseri-

173 948 328 985 cordiam
356 947 553 998 requirens,
582 946 617 983 in
646 945 742 982 hunc
770 946 916 983 modum
945 946 1085 983 locutus
1113 952 1177 983 est.
1206 945 1247 983 A.
1273 945 1332 990 12,
1353 945 1373 983 Ἰ
1403 945 1495 983 Nec
1522 945 1688 984 Claudius
1716 947 1805 984 ultra
1833 952 2018 997 expectato
2047 947 2173 985 obvius
2201 946 2296 997 apud
2325 945 2442 983 forum

171 1012 318 1062 praebet
345 1024 385 1057 se
416 1009 641 1060 gratantibus.
669 1009 708 1046 A.
729 1009 787 1054 14,
817 1008 877 1046 58.
907 1016 982 1046 erat
1008 1010 1113 1059 igitur
1139 1009 1282 1059 proprie
1311 1009 1512 1054 dicendum,
1540 1010 1642 1047 nobis
1671 1011 1923 1067 quicquam
1953 1011 2125 1061 comperti
2153 1022 2236 1048 esse
2264 1009 2440 1047 affirmare

173 1087 263 1112 non
291 1075 420 1118 ausim3
458 1086 530 1110 non
564 1072 751 1123 particula,
789 1085 1003 1122 quamquam
1036 1073 1148 1109 ausim
1176 1078 1310 1110 tantum
1338 1079 1496 1123 negatur,
1525 1074 1568 1110 ad
1596 1074 1707 1123 prima
1734 1075 1911 1111 enunciati
1939 1074 2047 1112 verba
2083 1079 2258 1125 protracta
2287 1072 2441 1110 efficitur

173 1150 260 1175 nec
287 1137 391 1174 nobis
421 1137 608 1187 quicquam
637 1136 808 1186 comperti
837 1148 917 1173 esse
946 1135 1120 1173 affirmare
1149 1136 1272 1173 ausim.
1328 1148 1399 1185 quo
1427 1136 1519 1173 facto
1548 1137 1650 1173 simili
1678 1137 1805 1182 modo,
1847 1151 1918 1187 quo
1955 1138 2116 1187 negativa
2152 1137 2324 1187 adjectiva
2358 1149 2442 1174 cum

173 1201 390 1239 substantivo
419 1200 537 1250 aliquo
565 1199 761 1237 attributiva
787 1199 821 1236 η’
845 1199 1061 1250 junguntur,
1099 1212 1181 1236 cum
1217 1199 1260 1236 ab
1294 1205 1438 1236 auctore
1475 1200 1648 1237 subtiliter
1684 1200 1859 1238 scribente
1895 1201 2134 1252 praedicatum
2162 1200 2285 1251 negari
2313 1200 2444 1238 debeat

173 1278 239 1315 per
267 1278 357 1302 non
384 1264 590 1316 particulam
618 1263 676 1312 (cf.
704 1262 791 1300 Plin.
819 1276 899 1314 pan.
930 1262 990 1301 70.
1028 1262 1114 1301 Cum
1152 1263 1243 1301 male
1280 1263 1451 1301 consultis
1488 1264 1728 1314 impunitatem
1765 1271 1861 1303 recte
1899 1265 2001 1303 factis
2037 1264 2216 1303 nullum
2245 1265 2442 1315 praemium

172 1330 422 1379 polliceretur,
458 1329 540 1378 Agr.
570 1327 619 1365 16
647 1327 720 1364 Nisi
757 1327 854 1377 quod
890 1328 1063 1364 innocens
1091 1327 1246 1365 Bolanus
1274 1334 1310 1365 et
1336 1328 1485 1365 nullis
1512 1329 1647 1365 delictis
1676 1329 1819 1366 invisus.
1874 1329 1956 1379 Agr.
1984 1328 2047 1373 39,
2083 1329 2122 1366 A.
2154 1328 2213 1373 14,
2242 1327 2325 1376 24),
2368 1340 2441 1365 non

174 1399 211 1430 et
237 1394 425 1443 quicquam
455 1391 663 1429 coaluerunt
689 1391 724 1428 in
751 1390 874 1428 nihil
908 1391 1147 1441 effectumque
1181 1397 1237 1429 est
1264 1391 1360 1442 quod
1388 1391 1540 1442 legimus
1568 1398 1604 1429 et
1630 1391 1732 1429 nobis
1761 1391 1882 1429 nihil
1912 1392 2084 1443 comperti
2111 1391 2287 1430 affirmare
2315 1392 2440 1429 ausim.

174 1463 270 1493 certe
299 1457 391 1493 banc
419 1455 660 1505 explicationis
689 1455 861 1492 rationem
889 1456 1083 1492 sententiae
1112 1455 1223 1492 multo
1256 1467 1339 1492 esse
1376 1455 1547 1505 aptiorem
1583 1468 1687 1505 quam
1724 1468 1815 1505 quae
1844 1468 1863 1492 a
1891 1456 2019 1493 Kritzio
2047 1462 2102 1493 est
2129 1456 2309 1505 proposita
2336 1455 2440 1493 nobis

173 1518 258 1556 nihil
287 1519 458 1569 comperti
487 1519 604 1567 (esse),
633 1518 808 1555 affirmare
836 1518 948 1571 ausim
977 1518 1032 1555 ich
1060 1531 1160 1568 wage
1188 1531 1256 1556 nur
1283 1518 1346 1556 das
1374 1532 1417 1556 zu
1444 1519 1615 1563 erkl'aren,
1643 1519 1724 1556 dass
1753 1518 1809 1556 ich
1832 1518 1948 1556 nichts
1967 1519 2188 1556 bestimmtes
2206 1531 2440 1557 vernommen

173 1581 280 1625 habe,
320 1582 501 1632 (iibrigens
529 1593 611 1631 mag
639 1581 734 1617 denn
762 1580 856 1617 doch
885 1586 992 1617 etwas
1020 1581 1158 1618 wahres
1185 1593 1230 1618 an
1258 1581 1339 1618 dem
1369 1581 1539 1632 geriichte
1568 1582 1656 1630 sein)
1690 1594 1807 1632 neque
1837 1581 2028 1619 abhorrere
2057 1594 2077 1619 a
2103 1582 2185 1632 lege
2215 1582 2440 1632 grammatica

173 1645 348 1683 affirmare
377 1646 499 1682 ausim.
555 1644 727 1682 formulae
755 1645 842 1681 nihil
870 1646 1041 1694 comperti
1069 1646 1153 1682 satis
1180 1645 1288 1682 multa
1317 1645 1464 1682 contulit
1491 1645 1651 1694 exempla
1677 1646 1834 1682 wexius.

274 1756 276 1758 ‚
361 1688 466 1752 'Quod
494 1720 579 1746 vero
608 1708 686 1746 miri
714 1713 798 1745 sunt
823 1708 889 1745 visi
916 1708 1053 1746 numeri
1081 1714 1229 1759 repente
1257 1710 1378 1747 mutati
1406 1708 1510 1746 nobis
1537 1709 1659 1754 ausim,
1687 1709 1882 1746 rectissime
1912 1721 1951 1746 se
1979 1707 2085 1746 habet
2112 1708 2299 1759 singularis
2327 1709 2440 1747 ausim

172 1772 316 1822 pluralis
344 1772 446 1809 nobis
475 1785 657 1809 numerus.
704 1784 785 1809 nam
813 1772 901 1809 vitae
931 1772 1081 1822 scriptor
1108 1772 1284 1810 affirmare
1312 1785 1384 1810 non
1412 1773 1528 1817 audet,
1557 1773 1622 1810 sibi
1652 1773 1852 1823 ceterisque
1880 1771 2063 1823 Agricolae
2092 1773 2304 1810 necessariis
2333 1774 2439 1822 quic-

175 1849 280 1886 quam
308 1836 419 1873 fuisse
448 1837 619 1886 comperti
647 1836 692 1872 de
720 1848 870 1873 veneno.
926 1835 983 1873 ich
1011 1842 1110 1874 traue
1143 1838 1210 1873 mir
1245 1836 1341 1874 nicht
1377 1850 1419 1874 zu
1456 1836 1675 1887 behaupten‚
1714 1837 1796 1873 dass
1833 1837 1896 1873 wir
1932 1836 2020 1883 (ich,
2059 1836 2153 1880 srau,
2192 1839 2439 1887 grossmutter)

174 1906 282 1936 etwas
309 1900 531 1937 bestimmtes
557 1905 724 1937 wussten.

364 1995 455 2050 Agr.
476 1995 536 2037 44.
563 1994 652 2037 Nam
669 1995 769 2035 sicuti
787 1995 964 2036 durarem
990 1996 1052 2036 hac
1078 1995 1261 2037 beatissimi
1288 1995 1413 2037 saeculi
1439 1996 1512 2037 luce
1538 2006 1577 2036 ac
1600 1995 1787 2050 principem
1810 1994 1990 2049 Trajanum
2008 1995 2129 2044 videre,
2158 1995 2272 2051 quod
2298 1995 2440 2050 augurio

173 2065 321 2103 votisque
337 2065 427 2103 apud
441 2068 572 2092 nostras
587 2073 686 2092 aures
702 2065 921 2098 animabatur,
940 2065 991 2093 ita
1006 2065 1185 2103 festinatae
1198 2065 1316 2092 mortis
1332 2065 1459 2103 grande
1475 2064 1632 2091 solatium
1647 2064 1732 2096 tulit,
1753 2064 1895 2091 evasisse
1905 2067 2112 2103 postremum
2132 2064 2218 2091 illud
2234 2067 2363 2103 tempus
2382 2067 2440 2091 cet.

365 2132 527 2173 Proxime
556 2134 600 2172 ad
627 2136 809 2172 veritatem
842 2142 1073 2172 accesserunt
1098 2135 1291 2172 Rhenanus
1324 2135 1477 2172 Ritterus
1505 2136 1671 2177 Kritzius,
1710 2151 1861 2181 quorum
1889 2138 2025 2182 primus
2053 2136 2151 2181 quod
2179 2136 2317 2177 omisit,
2354 2136 2442 2171 alter

175 2199 211 2236 et
238 2194 360 2236 tertius
389 2200 610 2236 mutaverunt
637 2194 672 2237 in
701 2194 943 2250 quondam.
999 2194 1166 2250 equidem
1200 2207 1280 2255 cum
1308 2194 1455 2250 Engelio
1491 2200 1526 2237 et
1554 2192 1720 2237 Oberlino
1749 2199 1865 2236 ortum
1901 2199 1986 2249 puto
2021 2206 2065 2237 ex
2101 2193 2300 2249 quodam
2336 2193 2441 2236 Taci-

175 2267 321 2309 tumque
351 2263 536 2309 scripsisse
565 2273 646 2295 nam
675 2263 776 2295 sicuti
805 2262 931 2296 durare
960 2263 996 2295 in
1023 2262 1090 2296 hac
1118 2263 1309 2296 beatissimi
1338 2262 1469 2296 saeculi
1497 2262 1576 2296 luce
1605 2273 1646 2295 ac
1673 2262 1867 2311 principem
1886 2261 2073 2310 Trajanum
2091 2262 2214 2296 videre
2243 2261 2442 2310 quodam

174 2326 322 2373 augurio
350 2326 511 2373 votisque
541 2326 769 2369 ominabatur,
798 2327 843 2362 ita
873 2332 950 2369 cet„
979 2339 1070 2374 quac
1099 2334 1222 2362 nostro
1251 2340 1417 2362 sermone
1446 2327 1490 2362 ita
1518 2326 1699 2362 reddenda
1728 2332 1830 2361 sunt:
1868 2326 1964 2362 denn
1996 2327 2064 2362 wie
2097 2339 2137 2362 er
2165 2326 2352 2362 einerseits
2381 2328 2443 2362 mit

175 2385 275 2426 einer
302 2392 354 2426 art
380 2399 448 2425 von
477 2385 686 2439 vorahnung
713 2386 785 2426 und
814 2386 1008 2427 wilnschen
1038 2387 1101 2426 das
1130 2386 1381 2440 prophetische
1410 2386 1599 2440 verlangen
1628 2392 1821 2435 aeussertc,
1851 2386 1885 2426 in
1910 2387 1980 2426 den
2000 2387 2177 2439 sonnigen
2198 2394 2304 2440 tagen
2323 2386 2443 2427 dieser

175 2462 324 2486 unserer
351 2452 660 2500 hochbegliickten
688 2453 755 2487 zeit
782 2465 823 2487 zu
851 2453 957 2487 leben
986 2453 1058 2487 und
1086 2453 1137 2486 als
1166 2453 1282 2487 kaiser
1309 2453 1413 2487 einen
1441 2452 1564 2500 Trajan
1592 2464 1634 2486 zu
1663 2452 1794 2494 seben,
1833 2464 1873 2486 so
1911 2464 1982 2486 war
2018 2451 2111 2486 doch
2150 2452 2208 2486 ein
2245 2458 2358 2487 ersatz
2387 2453 2445 2488 fur

173 2511 246 2557 den
274 2522 499 2553 unvermutet
524 2514 880 2553 hereinbrechenden
908 2515 970 2553 tod
999 2521 1064 2553 cet.
1120 2516 1298 2553 ominandi
1328 2516 1421 2553 enim
1449 2516 1595 2553 verbum
1625 2516 1698 2552 fere
1734 2516 1828 2552 idem
1856 2515 1949 2552 valet
1975 2529 2016 2552 ac
2043 2522 2207 2552 nostrum
2235 2515 2442 2553 vorahnend

175 2575 390 2622 wiinschen‚
433 2577 477 2615 cf.
514 2576 611 2617 Suet.
652 2577 731 2617 Ner.
774 2577 824 2617 48
866 2577 1063 2617 Clamorem
1105 2578 1253 2617 militum
1295 2585 1330 2617 et
1370 2577 1435 2616 sibi
1476 2578 1622 2617 adversa
1663 2584 1699 2617 et
1736 2577 1864 2617 Galbae
1907 2591 2077 2630 prospera
2118 2579 2442 2618 ominantium.

176 2638 261 2676 Plin.
291 2653 345 2690 ep.
375 2641 410 2686 4,
441 2641 500 2686 15,
529 2641 552 2678 5
582 2641 751 2693 Optamus
781 2643 875 2680 enim
903 2643 964 2680 tibi
993 2644 1349 2694 ominamurque
1379 2643 1413 2679 in
1443 2643 1639 2693 proximum
1672 2655 1803 2679 annum
1839 2643 2071 2680 consulatum.
2127 2644 2172 2680 ita
2200 2655 2268 2680 nos
2296 2643 2443 2682 xii-tutes

175 2709 255 2741 tuae
290 2705 336 2741 ita
370 2705 500 2754 judicia
538 2706 706 2756 principis
744 2720 978 2757 augurare
1016 2708 1147 2744 volunt.
1186 2708 1230 2744 id.
1260 2708 1294 2751 4,
1325 2707 1383 2751 19,
1414 2708 1432 2744 7
1464 2708 1578 2757 (cujus
1613 2707 1681 2744 loci
1710 2707 1826 2757 paullo
1856 2708 1921 2744 alia
1949 2715 2006 2745 est
2034 2708 2210 2756 condicio)
2239 2708 2444 2758 Talemque,

178 2767 290 2819 qualis
319 2780 414 2805 nunc
442 2769 542 2806 uxori
570 2782 670 2807 meae
699 2770 832 2816 videor,
862 2771 1061 2809 ominari
1090 2771 1240 2809 solebas.

362 2831 493 2869 Verum
530 2839 672 2883 recepta
709 2846 833 2872 eorum
871 2847 962 2885 quos
999 2835 1069 2872 dixi
1106 2835 1353 2873 emendatione
1390 2847 1462 2872 non
1499 2834 1612 2885 probo
1651 2834 1931 2885 explicationem.
1988 2848 2135 2886 prorsus
2165 2836 2258 2873 enim
2289 2848 2309 2873 a
2336 2835 2445 2875 Taciti

175 2894 318 2945 ingenio
346 2895 553 2933 abhorreret
578 2896 689 2934 haece
719 2900 902 2943 sententia,
931 2900 961 2936 si
989 2899 1032 2936 ad
1062 2899 1117 2936 illa
1145 2900 1327 2949 praesagia
1356 2899 1483 2949 quibus
1503 2899 1651 2949 Trajano
1681 2900 1896 2949 principatus
1925 2900 2203 2949 portendebatur
2231 2906 2268 2936 ut
2297 2908 2444 2951 recepto

175 2956 318 2996 demum
356 2960 502 3011 imperio
539 2966 715 2999 narratum
754 2968 790 3000 et
827 2963 998 3001 creditum
1036 2969 1109 3008 est,
1147 2969 1244 3001 esset
1271 2956 1467 3001 referenda.
1523 2962 1594 3000 huc
1621 2964 1738 3013 potius
1767 2963 1922 3001 animum
1951 2963 2105 3002 adverte.
2161 2964 2272 3015 siquis
2301 2970 2444 3004 nostrae

176 3024 366 3061 memoriae
395 3024 576 3062 hominum
605 3024 753 3075 alicujus
781 3038 824 3063 ex
852 3026 1066 3077 Napoleonis
1095 3027 1223 3064 summi
1251 3027 1342 3065 illius
1370 3026 1471 3064 ducis
1499 3028 1674 3065 veteranis
1704 3028 1738 3065 in
1767 3028 1834 3065 vita
1863 3040 1955 3065 anno
1987 3027 2089 3066 1854
2118 3028 2317 3080 conscripta
2342 3028 2444 3066 affir-

174 3091 295 3129 maret,
323 3086 420 3123 illum
448 3095 654 3125 veteranum
682 3102 774 3126 anno
806 3089 907 3128 1840
936 3091 1152 3128 exclamasse
1181 3091 1257 3136 „ich
1286 3091 1406 3128 werde
1434 3091 1528 3128 noch
1557 3092 1662 3128 einen
1687 3092 1794 3129 Louis
1817 3092 2001 3142 Napoleon
2029 3092 2080 3129 als
2109 3092 2226 3130 kaiser
2254 3092 2446 3138 schauen“‚

176 3147 241 3185 etsi
280 3148 324 3186 de
363 3149 543 3190 Ludovico
571 3152 777 3203 Napoleone
814 3154 899 3192 nihil
937 3155 1096 3204 cogitans
1133 3155 1168 3192 id
1204 3161 1336 3194 tantum
1381 3156 1531 3193 voluerit
1576 3156 1695 3193 dicere
1733 3169 1876 3206 sperare
1915 3169 1954 3193 se
1993 3157 2171 3207 quondam
2209 3157 2364 3208 aliquem
2401 3170 2446 3195 ex

174 3211 496 3263 Napoleonidarum
534 3223 639 3266 gente
668 3217 979 3269 Francogallorum
1016 3219 1263 3269 imperatorem
1301 3232 1383 3257 esse
1412 3221 1588 3263 visurum,
1627 3233 1698 3257 non
1737 3221 1781 3257 ita
1819 3219 1968 3257 multum
2005 3221 2213 3259 miraremur
2241 3228 2445 3272 reputantes

300 3320 321 3360 ⁹)
345 3320 415 3352 Plin.
440 3331 485 3363 ep.
508 3321 537 3360 4,
561 3323 589 3361 2,
612 3324 630 3354 8
654 3323 737 3355 Unde
760 3324 834 3356 haec
856 3335 1042 3366 augurer,
1065 3325 1191 3367 quaeris.
