2651 3500
709 222 736 232 ..
753 176 943 228 m
969 186 1039 214 eur
1060 173 1229 214 Nure'uso
1256 180 1353 214 certa
1380 176 1428 214 sit
1452 177 1642 227 pernicies,
1668 176 1744 215 sive
1767 149 1892 216 Nero
1888 178 1967 217 sive
1989 176 2214 218 Britannicus
2240 192 2362 221 reum
2388 170 2448 222 sit

631 226 828 283 midio-
840 236 1032 279 murfeeto
1064 235 1290 279 Britannicus
1322 238 1513 291 imperim
1546 240 1788 292 capessiturus
1815 246 1887 288 est,
1920 240 2087 281 Narcisso
2115 242 2184 282 erit
2208 244 2441 294 pereundu-

249 341 254 345 ,
310 356 313 358 .
451 355 455 359 ⁴
521 304 553 333 Ὑί
553 301 780 350 eduvictam,
812 301 886 340 sin
883 300 998 347 Nero,
1025 314 1101 339 non
1108 300 1237 340 deerit
1267 308 1469 349 accusator,
1493 304 1554 353 qui
1577 304 1674 354 paria
1696 303 1774 342 fere
1798 304 1945 342 crimina
1969 305 2135 356 objectet,
2163 305 2262 357 quod
2286 304 2434 346 Claudio

321 360 359 395 Τι
357 383 397 399 -ι
421 360 645 419 Agrippinae
672 364 883 422 dissuaserit
911 363 971 412 12,
1000 364 1037 412 1,
1063 365 1162 417 quod
1189 371 1316 417 postea
1342 379 1489 419 quoque
1517 367 1715 406 inimicitias
1743 368 1944 408 exercuerit
1971 367 2032 415 12,
2060 366 2123 416 57,
2150 370 2307 422 denique
2334 372 2434 422 quod

106 431 111 433 ’
139 426 375 483 Amin-m
402 428 449 468 de
471 429 629 473 conubio
652 429 823 481 principis
845 428 1026 468 Neronem
1055 430 1102 468 de
1126 442 1191 481 spe
1214 431 1354 482 imperii
1382 431 1563 482 depellere
1590 437 1697 483 atque
1725 438 1886 471 evertere
1914 433 2099 472 studuerit.
2127 440 2234 486 atque
2256 434 2435 475 hactenus

0 492 17 534 ἲ
76 502 79 504 “
142 492 229 534 dn
255 491 477 534 Doederlino
504 492 608 540 facio,
636 506 761 532 verum
788 494 1017 546 transpositio
1045 493 1238 533 verborum
1260 493 1465 534 Britannico
1493 508 1706 535 successore
1735 502 1818 548 post
1840 495 1967 536 Silium
1995 498 2156 549 quamvis
2183 497 2312 538 habeat
2338 499 2437 551 quod

141 556 292 610 placeat,
319 570 441 609 neque
469 570 562 609 opus
590 563 648 596 est
669 563 705 596 et
723 558 980 597 sententiarum
1002 558 1073 596 vim
1097 558 1266 610 infringit,
1296 565 1487 610 propterea
1514 560 1613 611 quod
1636 561 1682 598 ita
1706 561 1906 600 constitutis
1929 562 2119 600 enuntiatis
2143 563 2230 614 quid
2258 563 2326 602 sibi
2353 563 2436 602 velit

141 620 282 660 nullum
309 621 462 672 principi
490 622 656 659 meritum
684 634 758 659 non
787 621 1002 673 intelligitur.
1033 628 1156 660 contra
1185 624 1215 660 si
1239 623 1387 674 jungas:
1418 625 1447 661 si
1467 624 1561 662 Nero
1590 625 1806 675 imperitaret
1827 625 2030 663 Britannico
2058 621 2271 665 successore
2298 628 2433 666 nullum

141 685 295 738 principi
322 685 500 738 meritum,
530 685 642 724 oratio
670 690 767 724 recte
795 685 968 737 procedit.
997 692 1137 737 reputat
1165 686 1261 725 enim
1290 686 1488 734 Narcissus,
1516 701 1635 739 neque
1663 688 1709 727 de
1730 688 1933 728 Britannico
1952 701 2071 741 neque
2096 689 2142 728 de
2161 689 2303 729 Nerone
2327 692 2434 742 quic·
2483 723 2494 738 ,

140 761 251 800 quam
274 761 316 787 se
340 761 424 788 esse
449 749 625 794 meritum,
654 762 726 800 quo
755 749 1003 791 accusationes
1031 750 1108 787 illas
1137 750 1360 789 defenderet.
1389 753 1446 789 cui
1471 753 1750 803 interpretationi
1780 765 1900 804 neque
1928 753 2070 791 obstare
2098 753 2237 792 videtur
2264 755 2435 794 iterum

140 813 338 865 particulae
361 819 522 864 potestas
541 813 586 851 cf.
608 812 706 851 Suet.
729 812 806 852 Oct.
828 806 879 853 76
897 806 1012 852 Verba
1035 814 1148 864 ipsius
1175 827 1219 852 ex
1243 814 1404 865 epistulis
1428 822 1528 855 sunt:
1551 846 1559 854 .
1589 846 1596 854 .
1621 822 1658 854 et
1680 816 1836 855 iterum
1864 847 1871 855 .
1902 848 1909 855 .
1939 824 1975 855 et
1999 830 2142 862 rursus;
2172 830 2290 868 neque
2314 819 2433 868 paullo

141 876 270 916 durius
297 882 431 916 mutata
458 876 649 916 verborum
678 878 897 916 constructio
927 877 971 916 cf.
995 877 1035 916 Α.
1059 877 1118 924 14,
1147 878 1198 917 49
1227 878 1382 918 Thrasea
1410 887 1510 919 sueta
1539 880 1754 919 firmitudine
1783 881 1890 919 animi
1918 888 1955 920 et
1981 894 2027 920 ne
2056 881 2168 932 gloria
2195 881 2433 929 intercideret,

141 945 181 979 et
206 940 326 979 Rothii
360 940 514 992 Agricol.
550 953 689 979 excurs.
724 941 863 979 XXXIII
891 954 925 992 p.
953 940 1051 986 279;
1089 954 1209 992 neque
1238 943 1394 994 denique
1423 942 1622 981 ἀσύνδετον
1649 944 1753 981 illud:
1793 945 1821 981 si
1850 944 1944 982 Nero
1981 945 2197 996 imperitaret
2231 944 2432 983 Britannico

140 1017 358 1042 successore
383 1005 427 1042 cf.
446 1005 702 1054 Nipperdeium
730 1006 773 1041 ad
797 1006 836 1041 Α.
859 1006 918 1048 15,
944 1005 1005 1042 48.
1037 1005 1096 1049 12,
1115 1005 1174 1042 19.
1209 1008 1264 1042 sin
1285 1013 1403 1043 autem
1425 1008 1546 1043 durius
1568 1009 1727 1056 videatur
1747 1021 1852 1057 quam
1874 1009 1971 1057 quod
1993 1009 2078 1045 ferri
2099 1011 2222 1058 possit,
2250 1010 2431 1046 lenissima
2498 1052 2500 1057 ,

141 1068 339 1106 mutatione
368 1067 538 1119 legerim:
569 1068 599 1105 si
627 1067 722 1106 Nero
752 1068 975 1119 imperitet
1002 1074 1073 1106 aut
1101 1068 1303 1107 Britannico
1333 1083 1553 1108 successore.

330 1131 569 1183 Respondent
596 1131 702 1182 igitur
731 1133 822 1169 inter
850 1144 889 1170 se
918 1133 981 1169 tria
1010 1133 1274 1170 enuntiatorum
1303 1134 1418 1184 paria:

138 1202 268 1235 anm
295 1197 362 1235 ribi
385 1197 591 1246 perniciem:

198 1261 232 1308 Ι)
258 1273 319 1300 seu
345 1259 566 1299 Britannicus
592 1272 708 1298 rerum

194 1327 232 1372 2)
259 1337 319 1363 seu
345 1325 436 1364 Nero
460 1330 644 1374 poteretur,

197 1391 236 1437 5)
263 1401 381 1427 verum
407 1390 458 1426 ita
485 1389 527 1426 de
553 1400 590 1426 se
616 1390 772 1425 meritum
804 1387 990 1430 Caesarem,
1020 1395 1054 1425 ut
1084 1391 1187 1426 vitam
1217 1391 1293 1426 usui
1321 1391 1391 1437 ejus
1421 1391 1639 1438 impenderet:

199 1465 233 1510 Ι)
259 1464 445 1501 convictam
469 1463 687 1500 Messalinam
715 1468 746 1498 et
773 1461 907 1504 Silium,

195 1529 233 1574 2)
259 1540 360 1577 pares
387 1528 512 1564 iterum
539 1527 717 1564 accusandi
745 1539 863 1564 causas
890 1540 969 1568 esse,

195 1593 234 1633 5)
260 1591 292 1628 si
318 1591 410 1630 Nero
437 1590 608 1639 imperitet
636 1596 694 1626 aut
720 1589 918 1627 Britannico
946 1602 1134 1627 successore
1160 1591 1291 1627 nullum>
1316 1591 1466 1639 principi
1493 1593 1657 1638 meritum.

336 1654 517 1691 Hactenus
544 1653 732 1689 Narcissus
761 1654 806 1690 de
836 1666 875 1690 se
905 1666 1043 1702 suoque
1073 1654 1231 1702 loquitur
1258 1654 1435 1703 periculo,
1470 1667 1578 1703 quare
1613 1656 1657 1690 sit
1685 1667 1835 1691 neeesse
1864 1656 2077 1704 Agrippinae
2107 1655 2264 1690 consiliis
2293 1655 2431 1691 obviam

142 1720 205 1756 ire.
244 1731 310 1769 per
344 1724 378 1755 at
411 1717 619 1768 particulam
648 1717 793 1754 demum
821 1717 865 1754 ad
894 1716 1108 1767 Agrippinae
1138 1717 1275 1754 scelera
1304 1718 1436 1754 transit.
1467 1730 1557 1767 quae
1586 1723 1679 1754 tanta
1708 1724 1800 1762 sunt,
1829 1723 1867 1754 ut
1893 1731 1972 1763 eam
2001 1730 2109 1767 posse
2131 1717 2293 1755 convinci
2317 1729 2431 1766 aeque

140 1793 186 1819 ac
214 1781 440 1820 Messalinam
470 1785 600 1831 speret,
630 1791 711 1816 cum
741 1792 812 1816 non
842 1780 959 1817 minus
988 1792 1094 1830 quam
1124 1780 1180 1816 illa
1209 1779 1356 1817 Claudio
1386 1787 1485 1830 paret
1512 1781 1655 1817 exitium
1685 1793 1803 1831 neque
1833 1786 1950 1817 careat
1978 1781 2214 1831 impudicitiae
2245 1781 2402 1817 crimine.

339 1846 463 1882 Vertas
493 1846 599 1894 igitur
626 1844 696 1881 hoc
725 1845 799 1882 fere
829 1845 956 1882 modo:
997 1844 1067 1881 ihm
1104 1846 1154 1881 sei
1191 1845 1255 1882 der
1290 1851 1489 1894 untergang
1524 1847 1669 1893 gewiss,
1705 1859 1834 1895 moege
1869 1860 1941 1883 nun
1972 1845 2193 1883 Britannicus
2222 1846 2311 1882 oder
2337 1845 2431 1882 Nero

142 1923 206 1949 zur
234 1909 431 1961 regierung
458 1907 647 1952 kommen,
685 1907 770 1947 aher
807 1908 871 1947 der
905 1908 1021 1947 kaiser
1056 1909 1108 1947 sei
1144 1921 1184 1946 so
1220 1922 1280 1947 um
1310 1907 1369 1946 ihn
1399 1908 1576 1954 verdient,
1616 1909 1698 1947 dass
1727 1923 1767 1948 er
1795 1910 1914 1948 seiner
1942 1914 2084 1961 rettung
2112 1909 2190 1948 sein
2218 1908 2324 1948 leben
2352 1921 2431 1947 zum

142 1974 248 2026 opfer
282 1974 435 2025 bringen
472 1975 604 2010 miisse.
649 1972 706 2010 die
741 1972 990 2024 iibcrfuhrung
1024 1972 1200 2010 naemlieh
1236 1973 1300 2010 der
1328 1973 1514 2010 Messalina
1543 1974 1615 2010 und
1645 1974 1709 2011 des
1738 1973 1845 2011 Silius
1874 1975 1974 2012 scien
2003 1975 2209 2019 einerseits,
2248 1973 2432 2011 diesclben

142 2039 284 2088 grunde
316 2038 517 2075 anderseits
545 2050 588 2073 zu
617 2038 717 2073 einer
745 2037 893 2086 anklage
923 2050 1041 2086 gegen
1070 2037 1150 2080 ihn;
1188 2051 1293 2073 wenn
1322 2038 1416 2074 Nero
1450 2037 1621 2074 herrsche
1650 2039 1739 2074 oder
1767 2038 1989 2074 Britannicus
2017 2038 2226 2088 nachfolge,
2265 2050 2305 2074 er
2340 2037 2431 2073 habe

141 2103 238 2141 heim
267 2101 385 2140 kaiser
413 2101 498 2139 kein
527 2100 717 2138 verdienst.
761 2100 846 2138 aber
880 2100 993 2138 durch
1028 2100 1092 2138 der
1126 2100 1340 2139 stiesmutter
1368 2114 1452 2151 arge
1480 2101 1538 2138 list
1565 2101 1684 2139 werde
1710 2102 1745 2151 ja
1775 2102 1837 2139 das
1867 2115 1977 2152 ganze
2006 2101 2094 2139 haus
2123 2100 2337 2140 erschiittert
2365 2107 2431 2138 cet.

334 2188 379 2226 A.
416 2187 472 2233 13,
493 2187 548 2226 41.
603 2184 759 2223 Adicitur
785 2186 987 2224 miraculum
1023 2187 1111 2223 velut
1148 2187 1286 2223 numine
1323 2187 1488 2224 oblatum:
1528 2199 1605 2224 nam
1643 2193 1759 2224 cvncta
1798 2193 1928 2225 extra
1969 2188 2105 2225 tectis
2143 2192 2329 2224 actenus
2365 2186 2434 2222 sole

140 2253 291 2290 illustria
317 2254 433 2300 fuere,·
462 2252 551 2300 quod
577 2252 747 2287 moenibus
776 2251 977 2299 cinqebatnr,
1005 2252 1054 2287 ita
1082 2256 1216 2299 repente
1243 2256 1319 2287 atra
1346 2252 1432 2287 nube
1459 2257 1649 2299 coopertum
1680 2253 1933 2301 fnlquribusque
1966 2253 2145 2288 discretum
2172 2257 2235 2296 est,
2273 2257 2310 2286 ut
2337 2250 2434 2298 quasi

141 2317 388 2365 infensamibus
406 2317 477 2353 deis
505 2316 610 2352 exitio
638 2316 727 2352 tradi
755 2316 932 2352 videretur.
963 2314 1079 2352 verbis
1109 2316 1285 2365 corruptis
1315 2315 1490 2352 medelam
1519 2315 1726 2352 adferebant
1754 2316 1899 2353 sublatis
1928 2329 1948 2353 e
1978 2329 2118 2357 conexu
2138 2322 2197 2353 aut
2216 2320 2312 2352 extra
2330 2313 2433 2350 tectis

141 2385 203 2418 aut
224 2378 409 2417 hactenus.
440 2378 548 2416 altera
572 2377 717 2428 quidem
742 2378 806 2422 via,
835 2390 905 2428 qua
924 2376 1134 2415 hactenus
1154 2379 1300 2415 omnino
1320 2378 1459 2428 ejicitur
1483 2391 1555 2415 non
1576 2391 1667 2429 opus
1688 2379 1825 2416 videtur
1846 2392 1939 2423 esse,
1964 2378 2070 2416 altera
2090 2383 2127 2415 ut
2146 2376 2433 2428 perspicuitatem

142 2444 281 2481 adserat
300 2449 436 2479 tantum
455 2442 557 2478 abest
580 2448 619 2477 ut
642 2442 878 2478 difficiliorem
899 2442 1023 2478 reddat
1051 2442 1179 2478 locum.
1219 2455 1300 2478 nam
1330 2455 1402 2478 non
1432 2443 1565 2491 opponi
1594 2444 1684 2479 inter
1712 2455 1751 2479 se
1780 2443 1889 2479 voluit
1915 2443 2066 2486 Tacitus,
2095 2455 2185 2491 quac
2215 2447 2294 2477 ante
2323 2441 2432 2477 mira-

76 2535 83 2543 .
143 2508 264 2546 culum
294 2513 330 2545 et
358 2519 450 2557 quae
479 2506 637 2544 miraculi
667 2507 781 2556 ipsius
809 2512 971 2556 tempore
1001 2507 1195 2552 evenerint,
1225 2507 1290 2544 sed
1319 2519 1411 2557 quae
1441 2506 1570 2544 eodem
1599 2508 1769 2557 temporis
1797 2514 1979 2545 momento
2009 2507 2097 2544 intra
2121 2505 2261 2543 moenia
2285 2511 2319 2543 et
2338 2511 2433 2544 extra

140 2572 214 2609 sint
247 2571 348 2608 facta.
391 2582 501 2621 quare
530 2569 704 2607 hactenus
734 2570 817 2607 ferri
851 2582 924 2607 non
958 2576 1086 2620 potest.
1130 2575 1164 2607 at
1200 2570 1368 2607 desidero
1407 2570 1575 2620 equidem
1610 2572 1792 2608 notionem
1828 2571 2017 2608 continuae
2051 2569 2160 2614 lucis,
2202 2581 2351 2620 eamque
2390 2581 2433 2607 ex

141 2641 294 2674 actenus
317 2640 404 2686 puto
425 2635 501 2672 erui
522 2647 643 2684 posse,
663 2635 771 2671 modo
792 2640 909 2672 mutes
929 2635 964 2671 in
985 2635 1194 2672 continuo
1217 2635 1441 2684 adjectivum.
1463 2647 1553 2684 quae
1579 2636 1722 2672 mutatio
1743 2648 1815 2672 non
1836 2636 1880 2672 ita
1900 2648 2027 2686 magna
2051 2634 2190 2671 videtur
2212 2639 2432 2677 actenus,

141 2702 187 2737 οδ
216 2700 362 2737 tinu·o.
398 2699 568 2736 continuo
598 2710 719 2735 errore
755 2698 838 2735 abiit
866 2699 901 2735 in
931 2704 1069 2743 actenu,
1099 2711 1170 2748 quo
1201 2699 1294 2736 facto
1324 2699 1439 2735 scriba
1468 2699 1610 2748 quidam
1640 2699 1791 2736 correxit
1819 2705 1857 2736 ut
1884 2699 1950 2736 sibi
1979 2699 2076 2736 visus
2104 2705 2159 2735 est
2187 2698 2222 2734 in
2250 2697 2432 2735 hactenus

140 2775 235 2813 quae
269 2761 475 2812 depravatio
511 2761 616 2799 etiam
644 2766 736 2800 tecta
771 2761 955 2812 corripuit,
993 2761 1091 2811 quod
1119 2761 1330 2799 vocabulum
1360 2774 1378 2799 a
1407 2761 1563 2812 quodam
1592 2774 1673 2799 cum
1706 2767 1810 2800 tenus
1841 2762 2004 2812 junctum
2033 2774 2151 2811 eoque
2180 2761 2214 2798 in
2243 2760 2430 2798 ablativum

140 2833 200 2865 est
219 2832 403 2864 mutatum.
447 2826 602 2877 genuina
622 2826 728 2876 igitur
746 2824 854 2862 Taciti
875 2825 981 2862 verba
1010 2824 1099 2862 haec
1128 2838 1210 2863 esse
1239 2831 1345 2876 puto:
1376 2839 1457 2862 nam
1487 2832 1613 2863 cuncta
1642 2832 1737 2863 extra
1766 2832 1893 2863 tecta
1923 2826 2153 2863 continuo
2183 2825 2259 2862 sole
2288 2822 2432 2860 illustria

141 2891 257 2930 fuere.
293 2891 338 2929 de
368 2891 539 2929 continuo
568 2890 742 2940 adjectivo
773 2890 816 2927 cf.
845 2890 884 2927 A.
916 2889 976 2935 16,
1005 2890 1051 2928 16
1080 2890 1303 2941 aliorumque
1332 2890 1488 2928 taedium
1517 2897 1742 2941 expectarem
1771 2892 1931 2941 quamvis
1961 2891 2133 2928 honestos
2163 2889 2290 2927 civium
2319 2887 2432 2924 exitus

141 2955 264 2993 tristes
292 2959 413 2992 tamen
442 2960 477 2991 et
505 2955 737 2991 continuo
755 2966 772 2991 s
801 2955 1078 3005 aspernantium.
1106 2954 1145 2991 A.
1169 2953 1229 3000 15,
1251 2953 1300 2991 58
1322 2955 1550 2991 continua
1569 2954 1652 2991 hinc
1671 2961 1707 2992 et
1725 2955 1839 2992 vincta
1860 2955 1999 3006 agmina
2018 2954 2108 2991 trahi
2128 2965 2168 2989 ac
2188 2951 2323 2988 foribus
2342 2950 2432 2987 hor-

141 3026 263 3056 torum
291 3019 466 3068 adjacere,
495 3031 567 3068 quo
596 3018 678 3055 loco
707 3032 780 3055 non
809 3024 865 3056 est
892 3019 1063 3063 „endlose
1092 3021 1205 3068 ziige“
1234 3018 1351 3066 (Roth)
1382 3019 1466 3056 sed:
1498 3021 1531 3055 in
1561 3019 1678 3056 einem
1709 3019 1785 3056 fort.
1843 3019 1887 3057 de
1918 3019 2034 3056 verbis
2064 3022 2190 3054 cuncta
2219 3022 2314 3053 extra
2342 3021 2432 3053 tecta

140 3082 305 3122 similiter
334 3081 545 3121 cadentibus
573 3081 653 3120 vide
682 3094 775 3133 quos
803 3081 916 3121 attulit
943 3081 1044 3120 locos
1071 3081 1309 3134 Nipperdeius
1337 3081 1376 3121 Α.
1409 3080 1519 3128 1,24.

334 3167 378 3207 Δ.
407 3167 463 3214 18,
478 3166 540 3207 26.
594 3165 668 3204 Etsi
706 3178 779 3204 non
818 3167 863 3204 ita
901 3178 979 3204 sum
1009 3178 1191 3219 arrogans,
1230 3173 1268 3205 ut
1295 3166 1414 3205 locum
1443 3166 1771 3218 desperatissimum
1801 3167 1898 3205 omni
1927 3179 1970 3205 ex
1999 3170 2097 3217 parte
2126 3164 2170 3202 ad
2198 3164 2433 3216 integritatem

142 3243 335 3269 revocasse
365 3230 450 3268 mihi
479 3231 619 3276 videar,
657 3237 776 3268 tamen
814 3231 944 3281 quibus
982 3232 1067 3268 satis
1099 3232 1241 3269 lenibus
1276 3232 1529 3269 mutationibus
1567 3233 1610 3269 ad
1647 3232 1754 3269 Taciti
1792 3232 1898 3269 verba
1933 3243 2038 3281 quam
2073 3231 2231 3280 proxime
2260 3228 2433 3266 accedere

141 3296 353 3334 tentaverim
381 3307 592 3347 proponam.
620 3294 704 3347 lego
733 3295 848 3334 enim:

0 3462 286 3500 mmmm-1²⁷5.
295 3492 364 3500 ..m
375 3496 457 3500 μ-
476 3492 584 3500 eſsm-..as
671 3494 703 3500 n..
714 3498 717 3500 .
930 3490 933 3492 ’
1458 3498 1471 3500 γ-
1972 3499 1977 3500 ⁷
2022 3499 2041 3500 ἶ
2076 3498 2079 3500 .
2140 3497 2161 3500 ,μ
2191 3496 2222 3500 μ,
