<?xml version="1.0" encoding="UTF-8"?>
<!DOCTYPE html PUBLIC "-//W3C//DTD XHTML 1.0 Transitional//EN"
    "http://www.w3.org/TR/xhtml1/DTD/xhtml1-transitional.dtd">
<html xmlns="http://www.w3.org/1999/xhtml" xml:lang="en" lang="en">
 <head>
  <title>
</title>
<meta http-equiv="Content-Type" content="text/html;charset=utf-8" />
  <meta name='ocr-system' content='tesseract 3.04.00' />
  <meta name='ocr-capabilities' content='ocr_page ocr_carea ocr_par ocr_line ocrx_word'/>
</head>
<body>
  <div class='ocr_page' id='page_1' title='image "4768532_0015.png"; bbox 0 0 2651 3500; ppageno 0'>
   <div class='ocr_carea' id='block_1_1' title="bbox 1302 77 1323 115">
    <p class='ocr_par' dir='ltr' id='par_1_1' title="bbox 1302 77 1323 115">
     <span class='ocr_line' id='line_1_1' title="bbox 1302 77 1323 115; baseline 0 -17"><span class='ocrx_word' id='word_1_1' title='bbox 1302 77 1323 115; x_wconf 71' lang='lat'>7</span> 
     </span>
    </p>
   </div>
   <div class='ocr_carea' id='block_1_2' title="bbox 1186 135 1436 141">
    <p class='ocr_par' dir='ltr' id='par_1_2' title="bbox 1186 135 1436 141">
     <span class='ocr_line' id='line_1_2' title="bbox 1186 135 1436 141; baseline 0 0"><span class='ocrx_word' id='word_1_2' title='bbox 1186 135 1436 141; x_wconf 95' lang='lat' dir='ltr'><strong> </strong></span> 
     </span>
    </p>
   </div>
   <div class='ocr_carea' id='block_1_3' title="bbox 2370 0 2651 191">
    <p class='ocr_par' dir='ltr' id='par_1_3' title="bbox 2370 0 2651 191">
     <span class='ocr_line' id='line_1_3' title="bbox 2370 0 2651 191; baseline 0 3309"><span class='ocrx_word' id='word_1_3' title='bbox 2370 0 2651 191; x_wconf 95' lang='lat' dir='ltr'><strong> </strong></span> 
     </span>
    </p>
   </div>
   <div class='ocr_carea' id='block_1_4' title="bbox 174 202 2450 1465">
    <p class='ocr_par' dir='ltr' id='par_1_4' title="bbox 174 202 2450 1339">
     <span class='ocr_line' id='line_1_4' title="bbox 174 202 2448 257; baseline -0.004 -7"><span class='ocrx_word' id='word_1_4' title='bbox 174 223 274 251; x_wconf 79' lang='lat' dir='ltr'><strong>sacra</strong></span> <span class='ocrx_word' id='word_1_5' title='bbox 300 210 543 253; x_wconf 82' lang='lat' dir='ltr'><strong>inveniantur,</strong></span> <span class='ocrx_word' id='word_1_6' title='bbox 585 207 688 244; x_wconf 83' lang='lat' dir='ltr'><strong>aliam</strong></span> <span class='ocrx_word' id='word_1_7' title='bbox 715 207 889 257; x_wconf 90' lang='lat' dir='ltr'><strong>proponi,</strong></span> <span class='ocrx_word' id='word_1_8' title='bbox 930 217 1036 256; x_wconf 82' lang='lat' dir='ltr'><strong>quam</strong></span> <span class='ocrx_word' id='word_1_9' title='bbox 1072 218 1165 256; x_wconf 88' lang='lat' dir='ltr'><strong>quae</strong></span> <span class='ocrx_word' id='word_1_10' title='bbox 1200 205 1295 243; x_wconf 87' lang='lat' dir='ltr'><strong>inest</strong></span> <span class='ocrx_word' id='word_1_11' title='bbox 1326 206 1362 243; x_wconf 86' lang='lat' dir='ltr'><strong>in</strong></span> <span class='ocrx_word' id='word_1_12' title='bbox 1399 205 1574 243; x_wconf 79' lang='lat' dir='ltr'><strong>sententia</strong></span> <span class='ocrx_word' id='word_1_13' title='bbox 1601 204 1787 243; x_wconf 76' lang='lat' dir='ltr'><strong>Britannos</strong></span> <span class='ocrx_word' id='word_1_14' title='bbox 1815 216 1898 243; x_wconf 85' lang='lat' dir='ltr'><strong>esse</strong></span> <span class='ocrx_word' id='word_1_15' title='bbox 1926 202 2045 242; x_wconf 83' lang='lat' dir='ltr'><strong>Gallos</strong></span> <span class='ocrx_word' id='word_1_16' title='bbox 2072 204 2226 242; x_wconf 75' lang='lat' dir='ltr'><strong>natione.</strong></span> <span class='ocrx_word' id='word_1_17' title='bbox 2267 203 2448 242; x_wconf 83' lang='lat' dir='ltr'><strong>contendo</strong></span> 
     </span>
     <span class='ocr_line' id='line_1_5' title="bbox 174 266 2449 327; baseline -0.004 -13"><span class='ocrx_word' id='word_1_18' title='bbox 174 275 281 327; x_wconf 84' lang='lat' dir='ltr'><strong>igitur</strong></span> <span class='ocrx_word' id='word_1_19' title='bbox 306 274 413 313; x_wconf 85' lang='lat' dir='ltr'><strong>verba</strong></span> <span class='ocrx_word' id='word_1_20' title='bbox 441 275 609 321; x_wconf 83' lang='lat' dir='ltr'><strong>corrupta</strong></span> <span class='ocrx_word' id='word_1_21' title='bbox 636 270 683 307; x_wconf 87' lang='lat' dir='ltr'><strong>ita</strong></span> <span class='ocrx_word' id='word_1_22' title='bbox 710 282 793 307; x_wconf 90' lang='lat' dir='ltr'><strong>esse</strong></span> <span class='ocrx_word' id='word_1_23' title='bbox 821 269 1027 319; x_wconf 82' lang='lat' dir='ltr'><strong>conjectura</strong></span> <span class='ocrx_word' id='word_1_24' title='bbox 1053 268 1253 314; x_wconf 83' lang='lat' dir='ltr'><strong>formanda,</strong></span> <span class='ocrx_word' id='word_1_25' title='bbox 1281 274 1321 306; x_wconf 83' lang='lat' dir='ltr'><strong>ut</strong></span> <span class='ocrx_word' id='word_1_26' title='bbox 1346 273 1487 319; x_wconf 84' lang='lat' dir='ltr'><strong>praeter</strong></span> <span class='ocrx_word' id='word_1_27' title='bbox 1513 269 1640 306; x_wconf 84' lang='lat' dir='ltr'><strong>eadem</strong></span> <span class='ocrx_word' id='word_1_28' title='bbox 1668 280 1767 306; x_wconf 87' lang='lat' dir='ltr'><strong>sacra</strong></span> <span class='ocrx_word' id='word_1_29' title='bbox 1794 268 1902 305; x_wconf 82' lang='lat' dir='ltr'><strong>altera</strong></span> <span class='ocrx_word' id='word_1_30' title='bbox 1929 268 2075 318; x_wconf 84' lang='lat' dir='ltr'><strong>tertiave</strong></span> <span class='ocrx_word' id='word_1_31' title='bbox 2103 279 2223 305; x_wconf 89' lang='lat' dir='ltr'><strong>rerum</strong></span> <span class='ocrx_word' id='word_1_32' title='bbox 2253 266 2449 305; x_wconf 65' lang='lat' dir='ltr'><strong>divinarum</strong></span> 
     </span>
     <span class='ocr_line' id='line_1_6' title="bbox 177 330 2448 383; baseline -0.004 -5"><span class='ocrx_word' id='word_1_33' title='bbox 177 338 367 377; x_wconf 77' lang='lat' dir='ltr'><strong>similitudo</strong></span> <span class='ocrx_word' id='word_1_34' title='bbox 395 335 580 374; x_wconf 89' lang='lat' dir='ltr'><strong>indicetur.</strong></span> <span class='ocrx_word' id='word_1_35' title='bbox 617 333 654 371; x_wconf 90' lang='lat' dir='ltr'><strong>id</strong></span> <span class='ocrx_word' id='word_1_36' title='bbox 687 332 781 371; x_wconf 79' lang='lat' dir='ltr'><strong>effici</strong></span> <span class='ocrx_word' id='word_1_37' title='bbox 809 333 1057 371; x_wconf 74' lang='lat' dir='ltr'><strong>emendatione</strong></span> <span class='ocrx_word' id='word_1_38' title='bbox 1085 332 1374 383; x_wconf 77' lang='lat' dir='ltr'><strong>superstitionum</strong></span> <span class='ocrx_word' id='word_1_39' title='bbox 1400 333 1643 383; x_wconf 77' lang='lat' dir='ltr'><strong>persuasione,</strong></span> <span class='ocrx_word' id='word_1_40' title='bbox 1671 344 1778 383; x_wconf 88' lang='lat' dir='ltr'><strong>quam</strong></span> <span class='ocrx_word' id='word_1_41' title='bbox 1805 331 1955 369; x_wconf 85' lang='lat' dir='ltr'><strong>Wexius</strong></span> <span class='ocrx_word' id='word_1_42' title='bbox 1982 337 2020 370; x_wconf 91' lang='lat' dir='ltr'><strong>et</strong></span> <span class='ocrx_word' id='word_1_43' title='bbox 2044 330 2193 369; x_wconf 71' lang='lat' dir='ltr'><strong>Kritzius</strong></span> <span class='ocrx_word' id='word_1_44' title='bbox 2221 344 2266 369; x_wconf 88' lang='lat' dir='ltr'><strong>ex</strong></span> <span class='ocrx_word' id='word_1_45' title='bbox 2293 331 2448 370; x_wconf 70' lang='lat' dir='ltr'><strong>ediflone</strong></span> 
     </span>
     <span class='ocr_line' id='line_1_7' title="bbox 175 392 2448 448; baseline -0.004 -7"><span class='ocrx_word' id='word_1_46' title='bbox 175 392 381 441; x_wconf 84' lang='lat' dir='ltr'><strong>Walchiana</strong></span> <span class='ocrx_word' id='word_1_47' title='bbox 408 402 644 448; x_wconf 88' lang='lat' dir='ltr'><strong>receperunt,</strong></span> <span class='ocrx_word' id='word_1_48' title='bbox 680 396 827 435; x_wconf 87' lang='lat' dir='ltr'><strong>videtur.</strong></span> <span class='ocrx_word' id='word_1_49' title='bbox 871 402 905 434; x_wconf 92' lang='lat' dir='ltr'><strong>at</strong></span> <span class='ocrx_word' id='word_1_50' title='bbox 938 401 994 434; x_wconf 91' lang='lat' dir='ltr'><strong>est</strong></span> <span class='ocrx_word' id='word_1_51' title='bbox 1025 396 1062 434; x_wconf 92' lang='lat' dir='ltr'><strong>in</strong></span> <span class='ocrx_word' id='word_1_52' title='bbox 1095 408 1136 433; x_wconf 87' lang='lat' dir='ltr'><strong>ea</strong></span> <span class='ocrx_word' id='word_1_53' title='bbox 1164 395 1263 446; x_wconf 88' lang='lat' dir='ltr'><strong>quod</strong></span> <span class='ocrx_word' id='word_1_54' title='bbox 1289 395 1480 445; x_wconf 89' lang='lat' dir='ltr'><strong>improbes.</strong></span> <span class='ocrx_word' id='word_1_55' title='bbox 1522 396 1557 433; x_wconf 91' lang='lat' dir='ltr'><strong>in</strong></span> <span class='ocrx_word' id='word_1_56' title='bbox 1585 394 1844 447; x_wconf 77' lang='lat' dir='ltr'><strong>superstitionis</strong></span> <span class='ocrx_word' id='word_1_57' title='bbox 1872 394 1969 433; x_wconf 88' lang='lat' dir='ltr'><strong>enim</strong></span> <span class='ocrx_word' id='word_1_58' title='bbox 1996 394 2170 432; x_wconf 85' lang='lat' dir='ltr'><strong>vocabulo</strong></span> <span class='ocrx_word' id='word_1_59' title='bbox 2197 406 2239 432; x_wconf 87' lang='lat' dir='ltr'><strong>ea</strong></span> <span class='ocrx_word' id='word_1_60' title='bbox 2266 394 2360 432; x_wconf 81' lang='lat' dir='ltr'><strong>inest</strong></span> <span class='ocrx_word' id='word_1_61' title='bbox 2385 394 2448 439; x_wconf 79' lang='lat' dir='ltr'><strong>vis,</strong></span> 
     </span>
     <span class='ocr_line' id='line_1_8' title="bbox 177 457 2448 514; baseline -0.005 -9"><span class='ocrx_word' id='word_1_62' title='bbox 177 472 217 505; x_wconf 92' lang='lat' dir='ltr'><strong>ut</strong></span> <span class='ocrx_word' id='word_1_63' title='bbox 255 462 449 514; x_wconf 81' lang='lat' dir='ltr'><strong>subjective</strong></span> <span class='ocrx_word' id='word_1_64' title='bbox 492 461 590 512; x_wconf 91' lang='lat' dir='ltr'><strong>quod</strong></span> <span class='ocrx_word' id='word_1_65' title='bbox 631 460 754 497; x_wconf 89' lang='lat' dir='ltr'><strong>dicunt</strong></span> <span class='ocrx_word' id='word_1_66' title='bbox 793 460 838 497; x_wconf 89' lang='lat' dir='ltr'><strong>ad</strong></span> <span class='ocrx_word' id='word_1_67' title='bbox 879 472 1008 511; x_wconf 80' lang='lat' dir='ltr'><strong>sensus</strong></span> <span class='ocrx_word' id='word_1_68' title='bbox 1048 459 1233 497; x_wconf 90' lang='lat' dir='ltr'><strong>hominum</strong></span> <span class='ocrx_word' id='word_1_69' title='bbox 1273 458 1445 496; x_wconf 86' lang='lat' dir='ltr'><strong>referatur</strong></span> <span class='ocrx_word' id='word_1_70' title='bbox 1485 471 1603 510; x_wconf 91' lang='lat' dir='ltr'><strong>neque</strong></span> <span class='ocrx_word' id='word_1_71' title='bbox 1646 459 1821 508; x_wconf 83' lang='lat' dir='ltr'><strong>objective</strong></span> <span class='ocrx_word' id='word_1_72' title='bbox 1858 470 1917 495; x_wconf 84' lang='lat' dir='ltr'><strong>res</strong></span> <span class='ocrx_word' id='word_1_73' title='bbox 1954 458 2088 495; x_wconf 88' lang='lat' dir='ltr'><strong>divinas</strong></span> <span class='ocrx_word' id='word_1_74' title='bbox 2131 458 2225 508; x_wconf 84' lang='lat' dir='ltr'><strong>ipsas</strong></span> <span class='ocrx_word' id='word_1_75' title='bbox 2263 457 2448 508; x_wconf 78' lang='lat' dir='ltr'><strong>significet,</strong></span> 
     </span>
     <span class='ocr_line' id='line_1_9' title="bbox 178 521 2449 572; baseline -0.004 -5"><span class='ocrx_word' id='word_1_76' title='bbox 178 531 222 568; x_wconf 81' lang='lat' dir='ltr'><strong>cf.</strong></span> <span class='ocrx_word' id='word_1_77' title='bbox 249 529 288 566; x_wconf 77' lang='lat' dir='ltr'><strong>A.</strong></span> <span class='ocrx_word' id='word_1_78' title='bbox 316 527 352 572; x_wconf 79' lang='lat'><strong>2,</strong></span> <span class='ocrx_word' id='word_1_79' title='bbox 382 525 443 564; x_wconf 89' lang='lat'><strong>85.</strong></span> <span class='ocrx_word' id='word_1_80' title='bbox 482 525 542 571; x_wconf 88' lang='lat'><strong>11,</strong></span> <span class='ocrx_word' id='word_1_81' title='bbox 573 523 632 562; x_wconf 89' lang='lat'><strong>15.</strong></span> <span class='ocrx_word' id='word_1_82' title='bbox 672 523 731 569; x_wconf 83' lang='lat'><strong>15,</strong></span> <span class='ocrx_word' id='word_1_83' title='bbox 759 522 820 561; x_wconf 78' lang='lat'><strong>32.</strong></span> <span class='ocrx_word' id='word_1_84' title='bbox 851 523 910 569; x_wconf 90' lang='lat'><strong>14,</strong></span> <span class='ocrx_word' id='word_1_85' title='bbox 938 522 1000 562; x_wconf 82' lang='lat'><strong>50.</strong></span> <span class='ocrx_word' id='word_1_86' title='bbox 1034 523 1063 560; x_wconf 89' lang='grc' dir='ltr'><strong>Η</strong></span> <span class='ocrx_word' id='word_1_87' title='bbox 1090 522 1126 568; x_wconf 95' lang='lat'><strong>4,</strong></span> <span class='ocrx_word' id='word_1_88' title='bbox 1154 522 1215 560; x_wconf 87' lang='lat'><strong>54.</strong></span> <span class='ocrx_word' id='word_1_89' title='bbox 1244 522 1278 567; x_wconf 98' lang='lat'><strong>5,</strong></span> <span class='ocrx_word' id='word_1_90' title='bbox 1310 522 1368 561; x_wconf 82' lang='grc'><strong>13.</strong></span> <span class='ocrx_word' id='word_1_91' title='bbox 1396 522 1431 568; x_wconf 90' lang='lat'><strong>4,</strong></span> <span class='ocrx_word' id='word_1_92' title='bbox 1460 522 1520 560; x_wconf 90' lang='grc'><strong>61.</strong></span> <span class='ocrx_word' id='word_1_93' title='bbox 1548 522 1584 568; x_wconf 91' lang='grc'><strong>5,</strong></span> <span class='ocrx_word' id='word_1_94' title='bbox 1613 521 1637 560; x_wconf 90' lang='grc'>8</span> <span class='ocrx_word' id='word_1_95' title='bbox 1664 522 1707 560; x_wconf 91' lang='lat' dir='ltr'><strong>al.</strong></span> <span class='ocrx_word' id='word_1_96' title='bbox 1738 535 1846 572; x_wconf 91' lang='lat' dir='ltr'><strong>quare</strong></span> <span class='ocrx_word' id='word_1_97' title='bbox 1880 521 2169 572; x_wconf 80' lang='lat' dir='ltr'><strong>superstitionum</strong></span> <span class='ocrx_word' id='word_1_98' title='bbox 2197 522 2449 572; x_wconf 74' lang='lat' dir='ltr'><strong>persuasiones</strong></span> 
     </span>
     <span class='ocr_line' id='line_1_10' title="bbox 178 584 2448 641; baseline -0.004 -10"><span class='ocrx_word' id='word_1_99' title='bbox 178 605 251 633; x_wconf 93' lang='lat' dir='ltr'><strong>non</strong></span> <span class='ocrx_word' id='word_1_100' title='bbox 279 596 372 636; x_wconf 91' lang='lat' dir='ltr'><strong>sunt,</strong></span> <span class='ocrx_word' id='word_1_101' title='bbox 401 590 437 628; x_wconf 90' lang='lat' dir='ltr'><strong>id</strong></span> <span class='ocrx_word' id='word_1_102' title='bbox 472 589 570 641; x_wconf 91' lang='lat' dir='ltr'><strong>quod</strong></span> <span class='ocrx_word' id='word_1_103' title='bbox 596 587 745 626; x_wconf 82' lang='lat' dir='ltr'><strong>Wexius</strong></span> <span class='ocrx_word' id='word_1_104' title='bbox 773 587 990 638; x_wconf 91' lang='lat' dir='ltr'><strong>persuadere</strong></span> <span class='ocrx_word' id='word_1_105' title='bbox 1017 586 1109 633; x_wconf 89' lang='lat' dir='ltr'><strong>vult,</strong></span> <span class='ocrx_word' id='word_1_106' title='bbox 1144 586 1231 633; x_wconf 92' lang='lat' dir='ltr'><strong>„der</strong></span> <span class='ocrx_word' id='word_1_107' title='bbox 1258 585 1404 638; x_wconf 89' lang='lat' dir='ltr'><strong>glaube,</strong></span> <span class='ocrx_word' id='word_1_108' title='bbox 1439 585 1595 624; x_wconf 84' lang='lat' dir='ltr'><strong>welcher</strong></span> <span class='ocrx_word' id='word_1_109' title='bbox 1631 586 1697 624; x_wconf 91' lang='lat' dir='ltr'><strong>der</strong></span> <span class='ocrx_word' id='word_1_110' title='bbox 1734 584 1842 623; x_wconf 91' lang='lat' dir='ltr'><strong>inhalt</strong></span> <span class='ocrx_word' id='word_1_111' title='bbox 1877 584 1972 623; x_wconf 84' lang='lat' dir='ltr'><strong>ihrer</strong></span> <span class='ocrx_word' id='word_1_112' title='bbox 2005 584 2155 636; x_wconf 82' lang='lat' dir='ltr'><strong>religion</strong></span> <span class='ocrx_word' id='word_1_113' title='bbox 2183 585 2252 623; x_wconf 84' lang='lat' dir='ltr'><strong>ist“</strong></span> <span class='ocrx_word' id='word_1_114' title='bbox 2275 584 2342 623; x_wconf 86' lang='lat' dir='ltr'><strong>sed</strong></span> <span class='ocrx_word' id='word_1_115' title='bbox 2368 584 2448 631; x_wconf 84' lang='lat' dir='ltr'><strong>„die</strong></span> 
     </span>
     <span class='ocr_line' id='line_1_11' title="bbox 177 648 2449 705; baseline -0.004 -11"><span class='ocrx_word' id='word_1_116' title='bbox 177 656 479 705; x_wconf 84' lang='lat' dir='ltr'><strong>iiberzeugungen</strong></span> <span class='ocrx_word' id='word_1_117' title='bbox 517 653 582 690; x_wconf 89' lang='lat' dir='ltr'><strong>der</strong></span> <span class='ocrx_word' id='word_1_118' title='bbox 619 652 810 702; x_wconf 79' lang='lat' dir='ltr'><strong>religi&#39;osen</strong></span> <span class='ocrx_word' id='word_1_119' title='bbox 843 651 1167 702; x_wconf 85' lang='lat' dir='ltr'><strong>iiberzeugungen“</strong></span> <span class='ocrx_word' id='word_1_120' title='bbox 1208 651 1459 701; x_wconf 84' lang='lat' dir='ltr'><strong>persuasiones</strong></span> <span class='ocrx_word' id='word_1_121' title='bbox 1487 650 1758 700; x_wconf 85' lang='lat' dir='ltr'><strong>persuasionum</strong></span> <span class='ocrx_word' id='word_1_122' title='bbox 1787 650 1832 687; x_wconf 91' lang='lat' dir='ltr'><strong>de</strong></span> <span class='ocrx_word' id='word_1_123' title='bbox 1861 649 1969 687; x_wconf 88' lang='lat' dir='ltr'><strong>rebus</strong></span> <span class='ocrx_word' id='word_1_124' title='bbox 1997 649 2134 686; x_wconf 89' lang='lat' dir='ltr'><strong>divinis.</strong></span> <span class='ocrx_word' id='word_1_125' title='bbox 2175 649 2272 699; x_wconf 92' lang='lat' dir='ltr'><strong>quod</strong></span> <span class='ocrx_word' id='word_1_126' title='bbox 2299 655 2355 687; x_wconf 87' lang='lat' dir='ltr'><strong>est</strong></span> <span class='ocrx_word' id='word_1_127' title='bbox 2380 648 2449 686; x_wconf 81' lang='lat' dir='ltr'><strong>ab·</strong></span> 
     </span>
     <span class='ocr_line' id='line_1_12' title="bbox 177 712 2449 768; baseline -0.003 -11"><span class='ocrx_word' id='word_1_128' title='bbox 177 720 335 757; x_wconf 90' lang='lat' dir='ltr'><strong>surdum.</strong></span> <span class='ocrx_word' id='word_1_129' title='bbox 376 717 543 768; x_wconf 88' lang='lat' dir='ltr'><strong>equidem</strong></span> <span class='ocrx_word' id='word_1_130' title='bbox 574 721 613 753; x_wconf 95' lang='lat' dir='ltr'><strong>ut</strong></span> <span class='ocrx_word' id='word_1_131' title='bbox 648 716 765 765; x_wconf 88' lang='lat' dir='ltr'><strong>legam</strong></span> <span class='ocrx_word' id='word_1_132' title='bbox 801 728 924 752; x_wconf 91' lang='lat' dir='ltr'><strong>eorum</strong></span> <span class='ocrx_word' id='word_1_133' title='bbox 962 727 1061 752; x_wconf 89' lang='lat' dir='ltr'><strong>sacra</strong></span> <span class='ocrx_word' id='word_1_134' title='bbox 1095 714 1343 764; x_wconf 85' lang='lat' dir='ltr'><strong>deprehendas</strong></span> <span class='ocrx_word' id='word_1_135' title='bbox 1377 714 1760 767; x_wconf 85' lang='lat' dir='ltr'><strong>superstitiones</strong></span> <span class='ocrx_word' id='word_1_136' title='bbox 1789 713 2141 763; x_wconf 81' lang='lat' dir='ltr'><strong>persuasiones</strong></span> <span class='ocrx_word' id='word_1_137' title='bbox 2176 725 2324 750; x_wconf 90' lang='lat' dir='ltr'><strong>moveor</strong></span> <span class='ocrx_word' id='word_1_138' title='bbox 2349 712 2449 756; x_wconf 84' lang='lat' dir='ltr'><strong>loeis,</strong></span> 
     </span>
     <span class='ocr_line' id='line_1_13' title="bbox 178 775 2448 833; baseline -0.003 -13"><span class='ocrx_word' id='word_1_139' title='bbox 178 782 300 833; x_wconf 90' lang='lat' dir='ltr'><strong>quales</strong></span> <span class='ocrx_word' id='word_1_140' title='bbox 329 787 412 820; x_wconf 90' lang='lat' dir='ltr'><strong>sunt</strong></span> <span class='ocrx_word' id='word_1_141' title='bbox 437 780 517 817; x_wconf 87' lang='lat' dir='ltr'><strong>Tac.</strong></span> <span class='ocrx_word' id='word_1_142' title='bbox 539 779 569 817; x_wconf 93' lang='lat' dir='ltr'>H</span> <span class='ocrx_word' id='word_1_143' title='bbox 594 777 629 824; x_wconf 89' lang='lat'><strong>5,</strong></span> <span class='ocrx_word' id='word_1_144' title='bbox 651 778 699 816; x_wconf 82' lang='lat'><strong>13</strong></span> <span class='ocrx_word' id='word_1_145' title='bbox 719 778 881 816; x_wconf 89' lang='lat' dir='ltr'><strong>Pluribus</strong></span> <span class='ocrx_word' id='word_1_146' title='bbox 899 778 1127 828; x_wconf 87' lang='lat' dir='ltr'><strong>persuasio</strong></span> <span class='ocrx_word' id='word_1_147' title='bbox 1146 777 1268 823; x_wconf 89' lang='lat' dir='ltr'><strong>inerat,</strong></span> <span class='ocrx_word' id='word_1_148' title='bbox 1296 777 1447 828; x_wconf 88' lang='lat' dir='ltr'><strong>antiquis</strong></span> <span class='ocrx_word' id='word_1_149' title='bbox 1466 777 1705 815; x_wconf 85' lang='lat' dir='ltr'><strong>sacerdotium</strong></span> <span class='ocrx_word' id='word_1_150' title='bbox 1733 777 1855 814; x_wconf 89' lang='lat' dir='ltr'><strong>litteris</strong></span> <span class='ocrx_word' id='word_1_151' title='bbox 1887 776 2068 814; x_wconf 89' lang='lat' dir='ltr'><strong>contineri.</strong></span> <span class='ocrx_word' id='word_1_152' title='bbox 2097 776 2127 813; x_wconf 81' lang='lat' dir='ltr'>H</span> <span class='ocrx_word' id='word_1_153' title='bbox 2146 775 2181 822; x_wconf 92' lang='lat'><strong>5,</strong></span> <span class='ocrx_word' id='word_1_154' title='bbox 2200 775 2224 813; x_wconf 88' lang='lat'><strong>5</strong></span> <span class='ocrx_word' id='word_1_155' title='bbox 2243 775 2448 827; x_wconf 81' lang='lat' dir='ltr'><strong>Eademque</strong></span> 
     </span>
     <span class='ocr_line' id='line_1_14' title="bbox 180 839 2449 894; baseline -0.003 -10"><span class='ocrx_word' id='word_1_156' title='bbox 180 858 263 883; x_wconf 92' lang='lat' dir='ltr'><strong>cura</strong></span> <span class='ocrx_word' id='word_1_157' title='bbox 291 851 326 883; x_wconf 91' lang='lat' dir='ltr'><strong>et</strong></span> <span class='ocrx_word' id='word_1_158' title='bbox 350 845 394 882; x_wconf 93' lang='lat' dir='ltr'><strong>de</strong></span> <span class='ocrx_word' id='word_1_159' title='bbox 414 844 561 881; x_wconf 90' lang='lat' dir='ltr'><strong>infernis</strong></span> <span class='ocrx_word' id='word_1_160' title='bbox 589 842 833 893; x_wconf 88' lang='lat' dir='ltr'><strong>persuasio.</strong></span> <span class='ocrx_word' id='word_1_161' title='bbox 871 841 967 878; x_wconf 90' lang='lat' dir='ltr'><strong>Suet.</strong></span> <span class='ocrx_word' id='word_1_162' title='bbox 987 841 1060 878; x_wconf 88' lang='lat' dir='ltr'><strong>Tib.</strong></span> <span class='ocrx_word' id='word_1_163' title='bbox 1081 840 1131 878; x_wconf 87' lang='grc'><strong>69</strong></span> <span class='ocrx_word' id='word_1_164' title='bbox 1150 840 1249 878; x_wconf 89' lang='lat' dir='ltr'><strong>Circa</strong></span> <span class='ocrx_word' id='word_1_165' title='bbox 1278 841 1366 878; x_wconf 89' lang='lat' dir='ltr'><strong>deos</strong></span> <span class='ocrx_word' id='word_1_166' title='bbox 1394 853 1436 877; x_wconf 86' lang='lat' dir='ltr'><strong>ae</strong></span> <span class='ocrx_word' id='word_1_167' title='bbox 1463 841 1654 891; x_wconf 83' lang='lat' dir='ltr'><strong>religiones</strong></span> <span class='ocrx_word' id='word_1_168' title='bbox 1685 841 1931 894; x_wconf 72' lang='lat' dir='ltr'><strong>negligentior,</strong></span> <span class='ocrx_word' id='word_1_169' title='bbox 1960 841 2091 890; x_wconf 88' lang='lat' dir='ltr'><strong>quippe</strong></span> <span class='ocrx_word' id='word_1_170' title='bbox 2119 840 2279 877; x_wconf 88' lang='lat' dir='ltr'><strong>addictus</strong></span> <span class='ocrx_word' id='word_1_171' title='bbox 2307 839 2449 877; x_wconf 81' lang='lat' dir='ltr'><strong>mathe-</strong></span> 
     </span>
     <span class='ocr_line' id='line_1_15' title="bbox 177 903 2449 959; baseline -0.003 -12"><span class='ocrx_word' id='word_1_172' title='bbox 177 910 323 947; x_wconf 88' lang='lat' dir='ltr'><strong>maticae</strong></span> <span class='ocrx_word' id='word_1_173' title='bbox 351 909 551 959; x_wconf 91' lang='lat' dir='ltr'><strong>plenusque</strong></span> <span class='ocrx_word' id='word_1_174' title='bbox 580 906 918 959; x_wconf 86' lang='lat' dir='ltr'><strong>persuasionis</strong></span> <span class='ocrx_word' id='word_1_175' title='bbox 950 910 1076 943; x_wconf 90' lang='lat' dir='ltr'><strong>cuncta</strong></span> <span class='ocrx_word' id='word_1_176' title='bbox 1110 905 1180 943; x_wconf 85' lang='lat' dir='ltr'><strong>fato</strong></span> <span class='ocrx_word' id='word_1_177' title='bbox 1210 904 1296 955; x_wconf 87' lang='lat' dir='ltr'><strong>regi,</strong></span> <span class='ocrx_word' id='word_1_178' title='bbox 1324 903 1394 942; x_wconf 89' lang='lat' dir='ltr'><strong>Cic.</strong></span> <span class='ocrx_word' id='word_1_179' title='bbox 1424 918 1456 942; x_wconf 93' lang='lat' dir='ltr'><strong>n.</strong></span> <span class='ocrx_word' id='word_1_180' title='bbox 1488 905 1521 942; x_wconf 93' lang='lat' dir='ltr'><strong>d.</strong></span> <span class='ocrx_word' id='word_1_181' title='bbox 1544 903 1578 950; x_wconf 75' lang='lat'><strong>2,</strong></span> <span class='ocrx_word' id='word_1_182' title='bbox 1600 903 1662 950; x_wconf 75' lang='lat'><strong>28,</strong></span> <span class='ocrx_word' id='word_1_183' title='bbox 1684 903 1733 942; x_wconf 81' lang='lat'><strong>70</strong></span> <span class='ocrx_word' id='word_1_184' title='bbox 1760 904 1857 948; x_wconf 89' lang='lat' dir='ltr'><strong>Quae</strong></span> <span class='ocrx_word' id='word_1_185' title='bbox 1876 917 1935 942; x_wconf 89' lang='lat' dir='ltr'><strong>res</strong></span> <span class='ocrx_word' id='word_1_186' title='bbox 1954 904 2076 956; x_wconf 88' lang='lat' dir='ltr'><strong>genuit</strong></span> <span class='ocrx_word' id='word_1_187' title='bbox 2094 903 2198 941; x_wconf 89' lang='lat' dir='ltr'><strong>falsas</strong></span> <span class='ocrx_word' id='word_1_188' title='bbox 2217 904 2449 954; x_wconf 89' lang='lat' dir='ltr'><strong>opiniones</strong></span> 
     </span>
     <span class='ocr_line' id='line_1_16' title="bbox 179 967 2448 1023; baseline -0.002 -12"><span class='ocrx_word' id='word_1_189' title='bbox 179 985 391 1023; x_wconf 86' lang='lat' dir='ltr'><strong>erroresque</strong></span> <span class='ocrx_word' id='word_1_190' title='bbox 420 970 641 1009; x_wconf 89' lang='lat' dir='ltr'><strong>turbulentos</strong></span> <span class='ocrx_word' id='word_1_191' title='bbox 670 974 705 1007; x_wconf 93' lang='lat' dir='ltr'><strong>et</strong></span> <span class='ocrx_word' id='word_1_192' title='bbox 732 968 1112 1020; x_wconf 85' lang='lat' dir='ltr'><strong>superstitiones</strong></span> <span class='ocrx_word' id='word_1_193' title='bbox 1141 980 1255 1019; x_wconf 90' lang='lat' dir='ltr'><strong>paene</strong></span> <span class='ocrx_word' id='word_1_194' title='bbox 1284 967 1404 1005; x_wconf 81' lang='lat' dir='ltr'><strong>aniles.</strong></span> <span class='ocrx_word' id='word_1_195' title='bbox 1442 968 1526 1005; x_wconf 87' lang='lat' dir='ltr'><strong>dicit</strong></span> <span class='ocrx_word' id='word_1_196' title='bbox 1559 973 1676 1005; x_wconf 89' lang='lat' dir='ltr'><strong>autem</strong></span> <span class='ocrx_word' id='word_1_197' title='bbox 1700 968 1857 1005; x_wconf 87' lang='lat' dir='ltr'><strong>Tacitus:</strong></span> <span class='ocrx_word' id='word_1_198' title='bbox 1888 980 2013 1013; x_wconf 90' lang='lat' dir='ltr'><strong>„wenn</strong></span> <span class='ocrx_word' id='word_1_199' title='bbox 2037 980 2118 1005; x_wconf 92' lang='lat' dir='ltr'><strong>man</strong></span> <span class='ocrx_word' id='word_1_200' title='bbox 2138 967 2225 1005; x_wconf 83' lang='lat' dir='ltr'><strong>alles</strong></span> <span class='ocrx_word' id='word_1_201' title='bbox 2245 979 2448 1006; x_wconf 87' lang='lat' dir='ltr'><strong>zusammen</strong></span> 
     </span>
     <span class='ocr_line' id='line_1_17' title="bbox 179 1031 2449 1084; baseline -0.002 -10"><span class='ocrx_word' id='word_1_202' title='bbox 179 1038 317 1081; x_wconf 91' lang='lat' dir='ltr'><strong>nimmt,</strong></span> <span class='ocrx_word' id='word_1_203' title='bbox 351 1049 392 1072; x_wconf 92' lang='lat' dir='ltr'><strong>so</strong></span> <span class='ocrx_word' id='word_1_204' title='bbox 420 1036 465 1072; x_wconf 91' lang='lat' dir='ltr'><strong>ist</strong></span> <span class='ocrx_word' id='word_1_205' title='bbox 492 1047 532 1071; x_wconf 90' lang='lat' dir='ltr'><strong>es</strong></span> <span class='ocrx_word' id='word_1_206' title='bbox 561 1033 756 1084; x_wconf 88' lang='lat' dir='ltr'><strong>glaublich,</strong></span> <span class='ocrx_word' id='word_1_207' title='bbox 791 1033 873 1070; x_wconf 91' lang='lat' dir='ltr'><strong>dass</strong></span> <span class='ocrx_word' id='word_1_208' title='bbox 901 1032 1029 1070; x_wconf 89' lang='lat' dir='ltr'><strong>Gallier</strong></span> <span class='ocrx_word' id='word_1_209' title='bbox 1056 1033 1114 1070; x_wconf 92' lang='lat' dir='ltr'><strong>die</strong></span> <span class='ocrx_word' id='word_1_210' title='bbox 1143 1032 1251 1069; x_wconf 87' lang='lat' dir='ltr'><strong>ihnen</strong></span> <span class='ocrx_word' id='word_1_211' title='bbox 1279 1031 1370 1068; x_wconf 86' lang='lat' dir='ltr'><strong>nahe</strong></span> <span class='ocrx_word' id='word_1_212' title='bbox 1399 1032 1573 1082; x_wconf 87' lang='lat' dir='ltr'><strong>gelegene</strong></span> <span class='ocrx_word' id='word_1_213' title='bbox 1603 1032 1692 1069; x_wconf 89' lang='lat' dir='ltr'><strong>insel</strong></span> <span class='ocrx_word' id='word_1_214' title='bbox 1722 1033 1755 1068; x_wconf 92' lang='lat' dir='ltr'><strong>in</strong></span> <span class='ocrx_word' id='word_1_215' title='bbox 1786 1032 1900 1069; x_wconf 87' lang='lat' dir='ltr'><strong>besitz</strong></span> <span class='ocrx_word' id='word_1_216' title='bbox 1929 1045 2143 1081; x_wconf 88' lang='lat' dir='ltr'><strong>genommen</strong></span> <span class='ocrx_word' id='word_1_217' title='bbox 2172 1031 2298 1069; x_wconf 91' lang='lat' dir='ltr'><strong>haben.</strong></span> <span class='ocrx_word' id='word_1_218' title='bbox 2353 1032 2449 1071; x_wconf 89' lang='lat' dir='ltr'><strong>denn</strong></span> 
     </span>
     <span class='ocr_line' id='line_1_18' title="bbox 179 1094 2449 1148; baseline -0.002 -11"><span class='ocrx_word' id='word_1_219' title='bbox 179 1101 254 1138; x_wconf 90' lang='lat' dir='ltr'><strong>ihre</strong></span> <span class='ocrx_word' id='word_1_220' title='bbox 282 1099 437 1148; x_wconf 87' lang='lat' dir='ltr'><strong>heiligen</strong></span> <span class='ocrx_word' id='word_1_221' title='bbox 466 1096 668 1148; x_wconf 71' lang='lat' dir='ltr'><strong>gebrauche</strong></span> <span class='ocrx_word' id='word_1_222' title='bbox 698 1096 783 1134; x_wconf 84' lang='lat' dir='ltr'><strong>trifft</strong></span> <span class='ocrx_word' id='word_1_223' title='bbox 807 1109 888 1133; x_wconf 91' lang='lat' dir='ltr'><strong>man</strong></span> <span class='ocrx_word' id='word_1_224' title='bbox 914 1096 1001 1141; x_wconf 91' lang='lat' dir='ltr'><strong>dort,</strong></span> <span class='ocrx_word' id='word_1_225' title='bbox 1031 1095 1106 1133; x_wconf 91' lang='lat' dir='ltr'><strong>ihre</strong></span> <span class='ocrx_word' id='word_1_226' title='bbox 1127 1095 1457 1146; x_wconf 79' lang='lat' dir='ltr'><strong>religionsbegriffe,</strong></span> <span class='ocrx_word' id='word_1_227' title='bbox 1487 1094 1561 1133; x_wconf 90' lang='lat' dir='ltr'><strong>ihre</strong></span> <span class='ocrx_word' id='word_1_228' title='bbox 1583 1095 1801 1133; x_wconf 87' lang='lat' dir='ltr'><strong>ansichten.“</strong></span> <span class='ocrx_word' id='word_1_229' title='bbox 1830 1108 1921 1145; x_wconf 91' lang='lat' dir='ltr'><strong>quae</strong></span> <span class='ocrx_word' id='word_1_230' title='bbox 1945 1095 2081 1133; x_wconf 89' lang='lat' dir='ltr'><strong>conlata</strong></span> <span class='ocrx_word' id='word_1_231' title='bbox 2101 1094 2261 1133; x_wconf 84' lang='lat' dir='ltr'><strong>Caesaris</strong></span> <span class='ocrx_word' id='word_1_232' title='bbox 2282 1095 2449 1146; x_wconf 83' lang='lat' dir='ltr'><strong>descrip-</strong></span> 
     </span>
     <span class='ocr_line' id='line_1_19' title="bbox 179 1157 2450 1212; baseline -0.002 -12"><span class='ocrx_word' id='word_1_233' title='bbox 179 1164 274 1200; x_wconf 89' lang='lat' dir='ltr'><strong>tione</strong></span> <span class='ocrx_word' id='word_1_234' title='bbox 303 1163 349 1199; x_wconf 88' lang='lat' dir='ltr'><strong>ita</strong></span> <span class='ocrx_word' id='word_1_235' title='bbox 377 1161 561 1212; x_wconf 85' lang='lat' dir='ltr'><strong>intelligas,</strong></span> <span class='ocrx_word' id='word_1_236' title='bbox 590 1166 628 1198; x_wconf 91' lang='lat' dir='ltr'><strong>ut</strong></span> <span class='ocrx_word' id='word_1_237' title='bbox 656 1160 925 1211; x_wconf 89' lang='lat' dir='ltr'><strong>superstitiones</strong></span> <span class='ocrx_word' id='word_1_238' title='bbox 954 1171 995 1196; x_wconf 87' lang='lat' dir='ltr'><strong>ea</strong></span> <span class='ocrx_word' id='word_1_239' title='bbox 1023 1159 1203 1205; x_wconf 88' lang='lat' dir='ltr'><strong>denotent,</strong></span> <span class='ocrx_word' id='word_1_240' title='bbox 1232 1171 1323 1209; x_wconf 92' lang='lat' dir='ltr'><strong>quae</strong></span> <span class='ocrx_word' id='word_1_241' title='bbox 1352 1158 1396 1210; x_wconf 83' lang='lat' dir='ltr'><strong>de</strong></span> <span class='ocrx_word' id='word_1_242' title='bbox 1425 1158 1573 1196; x_wconf 90' lang='lat' dir='ltr'><strong>deorum</strong></span> <span class='ocrx_word' id='word_1_243' title='bbox 1601 1159 1633 1195; x_wconf 90' lang='lat' dir='ltr'><strong>vi</strong></span> <span class='ocrx_word' id='word_1_244' title='bbox 1662 1171 1703 1195; x_wconf 87' lang='lat' dir='ltr'><strong>ac</strong></span> <span class='ocrx_word' id='word_1_245' title='bbox 1732 1164 1853 1196; x_wconf 88' lang='lat' dir='ltr'><strong>natura</strong></span> <span class='ocrx_word' id='word_1_246' title='bbox 1881 1157 1980 1196; x_wconf 92' lang='lat' dir='ltr'><strong>Caes.</strong></span> <span class='ocrx_word' id='word_1_247' title='bbox 2001 1158 2034 1195; x_wconf 93' lang='lat' dir='ltr'><strong>b.</strong></span> <span class='ocrx_word' id='word_1_248' title='bbox 2055 1172 2088 1209; x_wconf 88' lang='lat' dir='ltr'><strong>g.</strong></span> <span class='ocrx_word' id='word_1_249' title='bbox 2110 1157 2145 1203; x_wconf 80' lang='lat'><strong>6,</strong></span> <span class='ocrx_word' id='word_1_250' title='bbox 2171 1157 2218 1195; x_wconf 85' lang='lat'><strong>17</strong></span> <span class='ocrx_word' id='word_1_251' title='bbox 2248 1158 2293 1196; x_wconf 91' lang='lat' dir='ltr'><strong>de</strong></span> <span class='ocrx_word' id='word_1_252' title='bbox 2316 1159 2450 1196; x_wconf 88' lang='lat' dir='ltr'><strong>morbis</strong></span> 
     </span>
     <span class='ocr_line' id='line_1_20' title="bbox 179 1222 2449 1274; baseline -0.001 -11"><span class='ocrx_word' id='word_1_253' title='bbox 179 1227 345 1263; x_wconf 91' lang='lat' dir='ltr'><strong>sanandis</strong></span> <span class='ocrx_word' id='word_1_254' title='bbox 373 1226 418 1262; x_wconf 89' lang='lat' dir='ltr'><strong>ib.</strong></span> <span class='ocrx_word' id='word_1_255' title='bbox 449 1224 498 1262; x_wconf 88' lang='grc'><strong>16</strong></span> <span class='ocrx_word' id='word_1_256' title='bbox 526 1225 570 1261; x_wconf 91' lang='lat' dir='ltr'><strong>al.</strong></span> <span class='ocrx_word' id='word_1_257' title='bbox 600 1226 863 1274; x_wconf 82' lang='lat' dir='ltr'><strong>persuasiones,</strong></span> <span class='ocrx_word' id='word_1_258' title='bbox 902 1236 992 1273; x_wconf 90' lang='lat' dir='ltr'><strong>quae</strong></span> <span class='ocrx_word' id='word_1_259' title='bbox 1021 1224 1066 1260; x_wconf 92' lang='lat' dir='ltr'><strong>de</strong></span> <span class='ocrx_word' id='word_1_260' title='bbox 1095 1224 1288 1260; x_wconf 90' lang='lat' dir='ltr'><strong>animarum</strong></span> <span class='ocrx_word' id='word_1_261' title='bbox 1317 1223 1527 1260; x_wconf 90' lang='lat' dir='ltr'><strong>condicione</strong></span> <span class='ocrx_word' id='word_1_262' title='bbox 1556 1223 1692 1268; x_wconf 46' lang='lat' dir='ltr'><strong>itr244,</strong></span> <span class='ocrx_word' id='word_1_263' title='bbox 1719 1223 1763 1260; x_wconf 87' lang='lat' dir='ltr'><strong>de</strong></span> <span class='ocrx_word' id='word_1_264' title='bbox 1792 1223 1855 1260; x_wconf 92' lang='lat' dir='ltr'><strong>Die</strong></span> <span class='ocrx_word' id='word_1_265' title='bbox 1883 1229 1980 1273; x_wconf 89' lang='lat' dir='ltr'><strong>patre</strong></span> <span class='ocrx_word' id='word_1_266' title='bbox 2009 1224 2124 1273; x_wconf 89' lang='lat' dir='ltr'><strong>gentis</strong></span> <span class='ocrx_word' id='word_1_267' title='bbox 2152 1228 2296 1260; x_wconf 90' lang='lat' dir='ltr'><strong>auctore</strong></span> <span class='ocrx_word' id='word_1_268' title='bbox 2325 1223 2369 1260; x_wconf 91' lang='lat' dir='ltr'><strong>ib.</strong></span> <span class='ocrx_word' id='word_1_269' title='bbox 2400 1222 2449 1260; x_wconf 89' lang='lat'><strong>18</strong></span> 
     </span>
     <span class='ocr_line' id='line_1_21' title="bbox 179 1285 1564 1339; baseline -0.005 -11"><span class='ocrx_word' id='word_1_270' title='bbox 179 1290 220 1327; x_wconf 89' lang='lat' dir='ltr'><strong>al.</strong></span> <span class='ocrx_word' id='word_1_271' title='bbox 249 1289 425 1328; x_wconf 91' lang='lat' dir='ltr'><strong>voluerint</strong></span> <span class='ocrx_word' id='word_1_272' title='bbox 451 1288 667 1339; x_wconf 90' lang='lat' dir='ltr'><strong>persuadere</strong></span> <span class='ocrx_word' id='word_1_273' title='bbox 696 1287 842 1325; x_wconf 85' lang='lat' dir='ltr'><strong>druides</strong></span> <span class='ocrx_word' id='word_1_274' title='bbox 870 1287 914 1325; x_wconf 92' lang='lat' dir='ltr'><strong>ib.</strong></span> <span class='ocrx_word' id='word_1_275' title='bbox 947 1286 1005 1332; x_wconf 87' lang='lat'><strong>14,</strong></span> <span class='ocrx_word' id='word_1_276' title='bbox 1034 1285 1068 1323; x_wconf 89' lang='lat'><strong>5.</strong></span> <span class='ocrx_word' id='word_1_277' title='bbox 1561 1289 1564 1293; x_wconf 84' lang='lat'>&#39;</span> 
     </span>
    </p>

    <p class='ocr_par' dir='ltr' id='par_1_5' title="bbox 183 1349 2448 1465">
     <span class='ocr_line' id='line_1_22' title="bbox 369 1349 2448 1400; baseline -0.001 -10"><span class='ocrx_word' id='word_1_278' title='bbox 369 1353 414 1390; x_wconf 93' lang='lat' dir='ltr'><strong>de</strong></span> <span class='ocrx_word' id='word_1_279' title='bbox 441 1352 554 1389; x_wconf 89' lang='lat' dir='ltr'><strong>tribus</strong></span> <span class='ocrx_word' id='word_1_280' title='bbox 583 1351 808 1389; x_wconf 86' lang='lat' dir='ltr'><strong>substantivis</strong></span> <span class='ocrx_word' id='word_1_281' title='bbox 836 1349 1038 1393; x_wconf 58' lang='grc' dir='ltr'><strong><em>ἀσυνδέτους</em></strong></span> <span class='ocrx_word' id='word_1_282' title='bbox 1058 1351 1183 1400; x_wconf 92' lang='lat' dir='ltr'><strong>positis</strong></span> <span class='ocrx_word' id='word_1_283' title='bbox 1204 1350 1247 1387; x_wconf 89' lang='lat' dir='ltr'><strong>cf.</strong></span> <span class='ocrx_word' id='word_1_284' title='bbox 1268 1349 1308 1387; x_wconf 88' lang='lat' dir='ltr'><strong>A.</strong></span> <span class='ocrx_word' id='word_1_285' title='bbox 1337 1349 1371 1395; x_wconf 76' lang='lat'><strong>2,</strong></span> <span class='ocrx_word' id='word_1_286' title='bbox 1395 1350 1442 1388; x_wconf 92' lang='lat'><strong>15</strong></span> <span class='ocrx_word' id='word_1_287' title='bbox 1463 1350 1708 1388; x_wconf 89' lang='lat' dir='ltr'><strong>Meminissent</strong></span> <span class='ocrx_word' id='word_1_288' title='bbox 1728 1351 1834 1388; x_wconf 91' lang='lat' dir='ltr'><strong>modo</strong></span> <span class='ocrx_word' id='word_1_289' title='bbox 1854 1351 2016 1388; x_wconf 80' lang='lat' dir='ltr'><strong>avaritiae</strong></span> <span class='ocrx_word' id='word_1_290' title='bbox 2038 1350 2252 1388; x_wconf 85' lang='lat' dir='ltr'><strong>crudelitatis</strong></span> <span class='ocrx_word' id='word_1_291' title='bbox 2273 1351 2448 1388; x_wconf 89' lang='lat' dir='ltr'><strong>saevitiae.</strong></span> 
     </span>
     <span class='ocr_line' id='line_1_23' title="bbox 183 1413 1743 1465; baseline -0.002 -11"><span class='ocrx_word' id='word_1_292' title='bbox 183 1418 215 1461; x_wconf 89' lang='lat'><strong>1,</strong></span> <span class='ocrx_word' id='word_1_293' title='bbox 235 1417 277 1454; x_wconf 86' lang='lat'><strong>.7.</strong></span> <span class='ocrx_word' id='word_1_294' title='bbox 310 1417 340 1461; x_wconf 89' lang='lat'><strong>1,</strong></span> <span class='ocrx_word' id='word_1_295' title='bbox 372 1416 430 1454; x_wconf 89' lang='lat'><strong>11.</strong></span> <span class='ocrx_word' id='word_1_296' title='bbox 461 1413 493 1460; x_wconf 80' lang='lat'><strong>1&#39;,</strong></span> <span class='ocrx_word' id='word_1_297' title='bbox 523 1415 573 1453; x_wconf 81' lang='lat'><strong>59</strong></span> <span class='ocrx_word' id='word_1_298' title='bbox 602 1416 634 1452; x_wconf 87' lang='lat' dir='ltr'><strong>al</strong></span> <span class='ocrx_word' id='word_1_299' title='bbox 662 1421 697 1452; x_wconf 91' lang='lat' dir='ltr'><strong>et</strong></span> <span class='ocrx_word' id='word_1_300' title='bbox 725 1429 815 1465; x_wconf 89' lang='lat' dir='ltr'><strong>quae</strong></span> <span class='ocrx_word' id='word_1_301' title='bbox 844 1415 1034 1464; x_wconf 84' lang='lat' dir='ltr'><strong>disputavit</strong></span> <span class='ocrx_word' id='word_1_302' title='bbox 1060 1415 1208 1452; x_wconf 89' lang='lat' dir='ltr'><strong>Wexius</strong></span> <span class='ocrx_word' id='word_1_303' title='bbox 1237 1415 1272 1451; x_wconf 93' lang='lat' dir='ltr'><strong>in</strong></span> <span class='ocrx_word' id='word_1_304' title='bbox 1301 1414 1565 1465; x_wconf 82' lang='lat' dir='ltr'><strong>prolegomenis</strong></span> <span class='ocrx_word' id='word_1_305' title='bbox 1594 1428 1627 1464; x_wconf 90' lang='lat' dir='ltr'><strong>p.</strong></span> <span class='ocrx_word' id='word_1_306' title='bbox 1659 1414 1743 1453; x_wconf 88' lang='lat'><strong>101.</strong></span> 
     </span>
    </p>
   </div>
   <div class='ocr_carea' id='block_1_5' title="bbox 174 1506 2452 2831">
    <p class='ocr_par' dir='ltr' id='par_1_6' title="bbox 368 1506 2010 1556">
     <span class='ocr_line' id='line_1_24' title="bbox 368 1506 2010 1556; baseline -0.001 -11"><span class='ocrx_word' id='word_1_307' title='bbox 368 1509 459 1556; x_wconf 77' lang='lat' dir='ltr'><strong>Agr.</strong></span> <span class='ocrx_word' id='word_1_308' title='bbox 486 1508 538 1545; x_wconf 82' lang='lat'><strong>15.</strong></span> <span class='ocrx_word' id='word_1_309' title='bbox 591 1506 740 1544; x_wconf 83' lang='lat' dir='ltr'><strong>Alterius</strong></span> <span class='ocrx_word' id='word_1_310' title='bbox 765 1519 884 1543; x_wconf 87' lang='lat' dir='ltr'><strong>manus</strong></span> <span class='ocrx_word' id='word_1_311' title='bbox 911 1507 1127 1548; x_wconf 80' lang='lat' dir='ltr'><strong>centuriones,</strong></span> <span class='ocrx_word' id='word_1_312' title='bbox 1156 1506 1295 1543; x_wconf 82' lang='lat' dir='ltr'><strong>alterius</strong></span> <span class='ocrx_word' id='word_1_313' title='bbox 1321 1518 1433 1543; x_wconf 82' lang='lat' dir='ltr'><strong>servos</strong></span> <span class='ocrx_word' id='word_1_314' title='bbox 1460 1507 1528 1543; x_wconf 88' lang='lat' dir='ltr'><strong>vim</strong></span> <span class='ocrx_word' id='word_1_315' title='bbox 1556 1519 1594 1543; x_wconf 88' lang='lat' dir='ltr'><strong>ac</strong></span> <span class='ocrx_word' id='word_1_316' title='bbox 1622 1507 1838 1543; x_wconf 76' lang='lat' dir='ltr'><strong>contumelias</strong></span> <span class='ocrx_word' id='word_1_317' title='bbox 1864 1507 2010 1543; x_wconf 78' lang='lat' dir='ltr'><strong>miscere.</strong></span> 
     </span>
    </p>

    <p class='ocr_par' dir='ltr' id='par_1_7' title="bbox 174 1569 2452 2831">
     <span class='ocr_line' id='line_1_25' title="bbox 368 1569 2449 1620; baseline -0.001 -13"><span class='ocrx_word' id='word_1_318' title='bbox 368 1571 534 1608; x_wconf 89' lang='lat' dir='ltr'><strong>Kritzium</strong></span> <span class='ocrx_word' id='word_1_319' title='bbox 564 1571 598 1607; x_wconf 92' lang='lat' dir='ltr'><strong>in</strong></span> <span class='ocrx_word' id='word_1_320' title='bbox 628 1583 692 1615; x_wconf 90' lang='lat' dir='ltr'><strong>eo,</strong></span> <span class='ocrx_word' id='word_1_321' title='bbox 730 1570 825 1620; x_wconf 92' lang='lat' dir='ltr'><strong>quod</strong></span> <span class='ocrx_word' id='word_1_322' title='bbox 853 1570 979 1606; x_wconf 86' lang='lat' dir='ltr'><strong>Wexio</strong></span> <span class='ocrx_word' id='word_1_323' title='bbox 1008 1582 1130 1606; x_wconf 88' lang='lat' dir='ltr'><strong>servos</strong></span> <span class='ocrx_word' id='word_1_324' title='bbox 1168 1569 1204 1605; x_wconf 89' lang='lat' dir='ltr'><strong>in</strong></span> <span class='ocrx_word' id='word_1_325' title='bbox 1232 1569 1471 1619; x_wconf 82' lang='lat' dir='ltr'><strong>suspicionem</strong></span> <span class='ocrx_word' id='word_1_326' title='bbox 1501 1570 1638 1606; x_wconf 77' lang='lat' dir='ltr'><strong>vocanti</strong></span> <span class='ocrx_word' id='word_1_327' title='bbox 1667 1570 1814 1607; x_wconf 88' lang='lat' dir='ltr'><strong>audiens</strong></span> <span class='ocrx_word' id='word_1_328' title='bbox 1843 1583 1914 1607; x_wconf 91' lang='lat' dir='ltr'><strong>non</strong></span> <span class='ocrx_word' id='word_1_329' title='bbox 1944 1569 2023 1613; x_wconf 86' lang='lat' dir='ltr'><strong>fuit,</strong></span> <span class='ocrx_word' id='word_1_330' title='bbox 2052 1576 2148 1606; x_wconf 83' lang='lat' dir='ltr'><strong>recte</strong></span> <span class='ocrx_word' id='word_1_331' title='bbox 2176 1570 2328 1613; x_wconf 86' lang='lat' dir='ltr'><strong>fecisse,</strong></span> <span class='ocrx_word' id='word_1_332' title='bbox 2368 1582 2449 1606; x_wconf 90' lang='lat' dir='ltr'><strong>cum</strong></span> 
     </span>
     <span class='ocr_line' id='line_1_26' title="bbox 180 1633 2449 1682; baseline -0 -12"><span class='ocrx_word' id='word_1_333' title='bbox 180 1647 224 1671; x_wconf 90' lang='lat' dir='ltr'><strong>eo</strong></span> <span class='ocrx_word' id='word_1_334' title='bbox 253 1636 333 1670; x_wconf 89' lang='lat' dir='ltr'><strong>loco</strong></span> <span class='ocrx_word' id='word_1_335' title='bbox 362 1634 558 1677; x_wconf 85' lang='lat' dir='ltr'><strong>Annalium,</strong></span> <span class='ocrx_word' id='word_1_336' title='bbox 595 1647 665 1682; x_wconf 94' lang='lat' dir='ltr'><strong>quo</strong></span> <span class='ocrx_word' id='word_1_337' title='bbox 704 1634 748 1670; x_wconf 93' lang='lat' dir='ltr'><strong>ad</strong></span> <span class='ocrx_word' id='word_1_338' title='bbox 784 1639 904 1669; x_wconf 87' lang='lat' dir='ltr'><strong>nostra</strong></span> <span class='ocrx_word' id='word_1_339' title='bbox 939 1633 1045 1669; x_wconf 90' lang='lat' dir='ltr'><strong>verba</strong></span> <span class='ocrx_word' id='word_1_340' title='bbox 1073 1633 1268 1681; x_wconf 89' lang='lat' dir='ltr'><strong>respiciens</strong></span> <span class='ocrx_word' id='word_1_341' title='bbox 1297 1633 1448 1669; x_wconf 91' lang='lat' dir='ltr'><strong>eandem</strong></span> <span class='ocrx_word' id='word_1_342' title='bbox 1476 1646 1551 1669; x_wconf 90' lang='lat' dir='ltr'><strong>rem</strong></span> <span class='ocrx_word' id='word_1_343' title='bbox 1580 1633 1688 1669; x_wconf 84' lang='lat' dir='ltr'><strong>refert</strong></span> <span class='ocrx_word' id='word_1_344' title='bbox 1714 1634 1852 1669; x_wconf 88' lang='lat' dir='ltr'><strong>Tacitus</strong></span> <span class='ocrx_word' id='word_1_345' title='bbox 1880 1634 1917 1669; x_wconf 88' lang='lat' dir='ltr'><strong>A.</strong></span> <span class='ocrx_word' id='word_1_346' title='bbox 1950 1633 2008 1676; x_wconf 93' lang='lat'><strong>14,</strong></span> <span class='ocrx_word' id='word_1_347' title='bbox 2036 1633 2081 1669; x_wconf 84' lang='lat'><strong>51</strong></span> <span class='ocrx_word' id='word_1_348' title='bbox 2114 1634 2204 1670; x_wconf 92' lang='lat' dir='ltr'><strong>adeo</strong></span> <span class='ocrx_word' id='word_1_349' title='bbox 2233 1640 2272 1669; x_wconf 94' lang='lat' dir='ltr'><strong>ut</strong></span> <span class='ocrx_word' id='word_1_350' title='bbox 2298 1646 2449 1682; x_wconf 86' lang='lat' dir='ltr'><strong>regnum</strong></span> 
     </span>
     <span class='ocr_line' id='line_1_27' title="bbox 174 1695 2449 1748; baseline -0 -14"><span class='ocrx_word' id='word_1_351' title='bbox 174 1711 244 1748; x_wconf 72' lang='lat' dir='ltr'><strong>vper</strong></span> <span class='ocrx_word' id='word_1_352' title='bbox 281 1698 618 1742; x_wconf 90' lang='lat' dir='ltr'><strong>centuriones,</strong></span> <span class='ocrx_word' id='word_1_353' title='bbox 657 1697 785 1734; x_wconf 89' lang='lat' dir='ltr'><strong>domus</strong></span> <span class='ocrx_word' id='word_1_354' title='bbox 822 1710 886 1747; x_wconf 91' lang='lat' dir='ltr'><strong>per</strong></span> <span class='ocrx_word' id='word_1_355' title='bbox 924 1708 1089 1733; x_wconf 86' lang='lat' dir='ltr'><strong>servos</strong></span> <span class='ocrx_word' id='word_1_356' title='bbox 1123 1695 1219 1733; x_wconf 87' lang='lat' dir='ltr'><strong>velut</strong></span> <span class='ocrx_word' id='word_1_357' title='bbox 1246 1700 1345 1746; x_wconf 87' lang='lat' dir='ltr'><strong>capta</strong></span> <span class='ocrx_word' id='word_1_358' title='bbox 1373 1701 1610 1741; x_wconf 86' lang='lat' dir='ltr'><strong>vastarentur,</strong></span> <span class='ocrx_word' id='word_1_359' title='bbox 1654 1702 1727 1733; x_wconf 91' lang='lat' dir='ltr'><strong>tum</strong></span> <span class='ocrx_word' id='word_1_360' title='bbox 1765 1697 1803 1733; x_wconf 88' lang='lat' dir='ltr'><strong>A.</strong></span> <span class='ocrx_word' id='word_1_361' title='bbox 1832 1696 1875 1741; x_wconf 91' lang='lat'><strong>4,</strong></span> <span class='ocrx_word' id='word_1_362' title='bbox 1917 1695 1964 1733; x_wconf 86' lang='lat'><strong>15</strong></span> <span class='ocrx_word' id='word_1_363' title='bbox 2001 1696 2177 1746; x_wconf 90' lang='lat' dir='ltr'><strong>probatur.</strong></span> <span class='ocrx_word' id='word_1_364' title='bbox 2233 1696 2319 1734; x_wconf 89' lang='lat' dir='ltr'><strong>dicit</strong></span> <span class='ocrx_word' id='word_1_365' title='bbox 2354 1696 2449 1734; x_wconf 91' lang='lat' dir='ltr'><strong>enim</strong></span> 
     </span>
     <span class='ocr_line' id='line_1_28' title="bbox 178 1759 2449 1810; baseline -0.001 -12"><span class='ocrx_word' id='word_1_366' title='bbox 178 1761 357 1806; x_wconf 82' lang='lat' dir='ltr'><strong>Tiberius,</strong></span> <span class='ocrx_word' id='word_1_367' title='bbox 400 1761 533 1798; x_wconf 90' lang='lat' dir='ltr'><strong>Lucilio</strong></span> <span class='ocrx_word' id='word_1_368' title='bbox 563 1760 721 1810; x_wconf 84' lang='lat' dir='ltr'><strong>Capitoni</strong></span> <span class='ocrx_word' id='word_1_369' title='bbox 751 1760 968 1810; x_wconf 89' lang='lat' dir='ltr'><strong>procuratori</strong></span> <span class='ocrx_word' id='word_1_370' title='bbox 1005 1759 1108 1796; x_wconf 87' lang='lat' dir='ltr'><strong>Asiae</strong></span> <span class='ocrx_word' id='word_1_371' title='bbox 1145 1772 1218 1795; x_wconf 91' lang='lat' dir='ltr'><strong>non</strong></span> <span class='ocrx_word' id='word_1_372' title='bbox 1252 1772 1292 1796; x_wconf 91' lang='lat' dir='ltr'><strong>se</strong></span> <span class='ocrx_word' id='word_1_373' title='bbox 1322 1760 1382 1809; x_wconf 81' lang='lat' dir='ltr'><strong>jus</strong></span> <span class='ocrx_word' id='word_1_374' title='bbox 1415 1760 1483 1797; x_wconf 91' lang='lat' dir='ltr'><strong>nisi</strong></span> <span class='ocrx_word' id='word_1_375' title='bbox 1519 1761 1554 1796; x_wconf 87' lang='lat' dir='ltr'><strong>in</strong></span> <span class='ocrx_word' id='word_1_376' title='bbox 1588 1761 1790 1797; x_wconf 79' lang='lat' dir='ltr'><strong>servitia</strong></span> <span class='ocrx_word' id='word_1_377' title='bbox 1819 1767 1853 1797; x_wconf 86' lang='lat' dir='ltr'><strong>et</strong></span> <span class='ocrx_word' id='word_1_378' title='bbox 1882 1762 2050 1810; x_wconf 86' lang='lat' dir='ltr'><strong>pecunias</strong></span> <span class='ocrx_word' id='word_1_379' title='bbox 2079 1760 2266 1797; x_wconf 86' lang='lat' dir='ltr'><strong>familiares</strong></span> <span class='ocrx_word' id='word_1_380' title='bbox 2295 1760 2449 1803; x_wconf 85' lang='lat' dir='ltr'><strong>dedisse,</strong></span> 
     </span>
     <span class='ocr_line' id='line_1_29' title="bbox 179 1823 2448 1874; baseline -0.001 -13"><span class='ocrx_word' id='word_1_381' title='bbox 179 1825 276 1874; x_wconf 91' lang='lat' dir='ltr'><strong>quod</strong></span> <span class='ocrx_word' id='word_1_382' title='bbox 304 1825 332 1861; x_wconf 90' lang='lat' dir='ltr'><strong>si</strong></span> <span class='ocrx_word' id='word_1_383' title='bbox 361 1825 447 1860; x_wconf 87' lang='lat' dir='ltr'><strong>vim</strong></span> <span class='ocrx_word' id='word_1_384' title='bbox 476 1825 717 1874; x_wconf 88' lang='lat' dir='ltr'><strong>praetoris</strong></span> <span class='ocrx_word' id='word_1_385' title='bbox 746 1829 962 1873; x_wconf 87' lang='lat' dir='ltr'><strong>usurpasset,</strong></span> <span class='ocrx_word' id='word_1_386' title='bbox 1000 1823 1213 1859; x_wconf 87' lang='lat' dir='ltr'><strong>manibus</strong></span> <span class='ocrx_word' id='word_1_387' title='bbox 1241 1823 1442 1859; x_wconf 89' lang='lat' dir='ltr'><strong>militum</strong></span> <span class='ocrx_word' id='word_1_388' title='bbox 1481 1836 1567 1860; x_wconf 89' lang='lat' dir='ltr'><strong>usus</strong></span> <span class='ocrx_word' id='word_1_389' title='bbox 1606 1824 1710 1867; x_wconf 86' lang='lat' dir='ltr'><strong>foret,</strong></span> <span class='ocrx_word' id='word_1_390' title='bbox 1747 1830 1862 1873; x_wconf 80' lang='lat' dir='ltr'><strong>spreta</strong></span> <span class='ocrx_word' id='word_1_391' title='bbox 1898 1825 1931 1860; x_wconf 88' lang='lat' dir='ltr'><strong>in</strong></span> <span class='ocrx_word' id='word_1_392' title='bbox 1970 1837 2013 1860; x_wconf 91' lang='lat' dir='ltr'><strong>eo</strong></span> <span class='ocrx_word' id='word_1_393' title='bbox 2051 1824 2212 1860; x_wconf 87' lang='lat' dir='ltr'><strong>mandata</strong></span> <span class='ocrx_word' id='word_1_394' title='bbox 2250 1837 2323 1860; x_wconf 90' lang='lat' dir='ltr'><strong>sua.</strong></span> <span class='ocrx_word' id='word_1_395' title='bbox 2381 1836 2448 1860; x_wconf 86' lang='lat' dir='ltr'><strong>nec</strong></span> 
     </span>
     <span class='ocr_line' id='line_1_30' title="bbox 179 1885 2451 1937; baseline -0 -13"><span class='ocrx_word' id='word_1_396' title='bbox 179 1900 263 1925; x_wconf 90' lang='lat' dir='ltr'><strong>vero</strong></span> <span class='ocrx_word' id='word_1_397' title='bbox 301 1900 392 1937; x_wconf 94' lang='lat' dir='ltr'><strong>opus</strong></span> <span class='ocrx_word' id='word_1_398' title='bbox 430 1893 502 1931; x_wconf 89' lang='lat' dir='ltr'><strong>est,</strong></span> <span class='ocrx_word' id='word_1_399' title='bbox 541 1892 579 1924; x_wconf 92' lang='lat' dir='ltr'><strong>ut</strong></span> <span class='ocrx_word' id='word_1_400' title='bbox 612 1899 737 1924; x_wconf 88' lang='lat' dir='ltr'><strong>manus</strong></span> <span class='ocrx_word' id='word_1_401' title='bbox 772 1887 1009 1937; x_wconf 84' lang='lat' dir='ltr'><strong>intelligantur</strong></span> <span class='ocrx_word' id='word_1_402' title='bbox 1043 1886 1170 1923; x_wconf 91' lang='lat' dir='ltr'><strong>milites</strong></span> <span class='ocrx_word' id='word_1_403' title='bbox 1200 1898 1242 1923; x_wconf 87' lang='lat' dir='ltr'><strong>ex</strong></span> <span class='ocrx_word' id='word_1_404' title='bbox 1272 1885 1477 1923; x_wconf 87' lang='lat' dir='ltr'><strong>cohortibus</strong></span> <span class='ocrx_word' id='word_1_405' title='bbox 1506 1886 1652 1931; x_wconf 87' lang='lat' dir='ltr'><strong>delecti,</strong></span> <span class='ocrx_word' id='word_1_406' title='bbox 1696 1887 1754 1936; x_wconf 90' lang='lat' dir='ltr'><strong>qui</strong></span> <span class='ocrx_word' id='word_1_407' title='bbox 1789 1899 2021 1924; x_wconf 88' lang='lat' dir='ltr'><strong>accensorum</strong></span> <span class='ocrx_word' id='word_1_408' title='bbox 2049 1887 2192 1923; x_wconf 91' lang='lat' dir='ltr'><strong>nomine</strong></span> <span class='ocrx_word' id='word_1_409' title='bbox 2220 1886 2326 1937; x_wconf 86' lang='lat' dir='ltr'><strong>legati</strong></span> <span class='ocrx_word' id='word_1_410' title='bbox 2350 1887 2451 1936; x_wconf 84' lang='lat' dir='ltr'><strong>jussa</strong></span> 
     </span>
     <span class='ocr_line' id='line_1_31' title="bbox 180 1950 2451 2001; baseline -0 -12"><span class='ocrx_word' id='word_1_411' title='bbox 180 1956 418 2001; x_wconf 86' lang='lat' dir='ltr'><strong>exsequentes</strong></span> <span class='ocrx_word' id='word_1_412' title='bbox 438 1951 538 2001; x_wconf 88' lang='lat' dir='ltr'><strong>quasi</strong></span> <span class='ocrx_word' id='word_1_413' title='bbox 558 1964 575 1988; x_wconf 91' lang='lat' dir='ltr'><strong>a</strong></span> <span class='ocrx_word' id='word_1_414' title='bbox 596 1951 704 1989; x_wconf 90' lang='lat' dir='ltr'><strong>latere</strong></span> <span class='ocrx_word' id='word_1_415' title='bbox 728 1951 805 2000; x_wconf 86' lang='lat' dir='ltr'><strong>ejus</strong></span> <span class='ocrx_word' id='word_1_416' title='bbox 826 1951 977 1988; x_wconf 85' lang='lat' dir='ltr'><strong>fuerunt.</strong></span> <span class='ocrx_word' id='word_1_417' title='bbox 1006 1963 1087 1987; x_wconf 90' lang='lat' dir='ltr'><strong>nam</strong></span> <span class='ocrx_word' id='word_1_418' title='bbox 1106 1963 1151 1987; x_wconf 93' lang='lat' dir='ltr'><strong>ne</strong></span> <span class='ocrx_word' id='word_1_419' title='bbox 1171 1955 1288 2000; x_wconf 89' lang='lat' dir='ltr'><strong>petam</strong></span> <span class='ocrx_word' id='word_1_420' title='bbox 1309 1956 1556 2001; x_wconf 88' lang='lat' dir='ltr'><strong>argumentum</strong></span> <span class='ocrx_word' id='word_1_421' title='bbox 1581 1964 1624 1988; x_wconf 88' lang='lat' dir='ltr'><strong>ex</strong></span> <span class='ocrx_word' id='word_1_422' title='bbox 1649 1951 1771 2001; x_wconf 89' lang='lat' dir='ltr'><strong>plurali</strong></span> <span class='ocrx_word' id='word_1_423' title='bbox 1792 1963 1940 1988; x_wconf 87' lang='lat' dir='ltr'><strong>numero</strong></span> <span class='ocrx_word' id='word_1_424' title='bbox 1960 1963 2095 1997; x_wconf 88' lang='lat' dir='ltr'><strong>manus,</strong></span> <span class='ocrx_word' id='word_1_425' title='bbox 2124 1951 2220 2000; x_wconf 91' lang='lat' dir='ltr'><strong>quod</strong></span> <span class='ocrx_word' id='word_1_426' title='bbox 2239 1950 2451 1988; x_wconf 77' lang='lat' dir='ltr'><strong>vocabulum</strong></span> 
     </span>
     <span class='ocr_line' id='line_1_32' title="bbox 180 2013 2451 2065; baseline -0 -13"><span class='ocrx_word' id='word_1_427' title='bbox 180 2015 310 2052; x_wconf 87' lang='lat' dir='ltr'><strong>rectius</strong></span> <span class='ocrx_word' id='word_1_428' title='bbox 329 2027 373 2052; x_wconf 89' lang='lat' dir='ltr'><strong>an</strong></span> <span class='ocrx_word' id='word_1_429' title='bbox 394 2027 536 2053; x_wconf 91' lang='lat' dir='ltr'><strong>manum</strong></span> <span class='ocrx_word' id='word_1_430' title='bbox 562 2015 742 2060; x_wconf 87' lang='lat' dir='ltr'><strong>scribatur,</strong></span> <span class='ocrx_word' id='word_1_431' title='bbox 772 2027 842 2052; x_wconf 92' lang='lat' dir='ltr'><strong>non</strong></span> <span class='ocrx_word' id='word_1_432' title='bbox 873 2015 957 2052; x_wconf 86' lang='lat' dir='ltr'><strong>satis</strong></span> <span class='ocrx_word' id='word_1_433' title='bbox 986 2019 1079 2052; x_wconf 88' lang='lat' dir='ltr'><strong>certa</strong></span> <span class='ocrx_word' id='word_1_434' title='bbox 1107 2013 1277 2052; x_wconf 90' lang='lat' dir='ltr'><strong>librorum</strong></span> <span class='ocrx_word' id='word_1_435' title='bbox 1305 2015 1509 2053; x_wconf 86' lang='lat' dir='ltr'><strong>auctoritate</strong></span> <span class='ocrx_word' id='word_1_436' title='bbox 1539 2014 1692 2052; x_wconf 88' lang='lat' dir='ltr'><strong>discerni</strong></span> <span class='ocrx_word' id='word_1_437' title='bbox 1721 2015 1775 2052; x_wconf 84' lang='lat' dir='ltr'><strong>vix</strong></span> <span class='ocrx_word' id='word_1_438' title='bbox 1803 2015 1934 2065; x_wconf 88' lang='lat' dir='ltr'><strong>possit,</strong></span> <span class='ocrx_word' id='word_1_439' title='bbox 1964 2027 2089 2052; x_wconf 90' lang='lat' dir='ltr'><strong>manus</strong></span> <span class='ocrx_word' id='word_1_440' title='bbox 2117 2014 2327 2052; x_wconf 87' lang='lat' dir='ltr'><strong>vocabulum</strong></span> <span class='ocrx_word' id='word_1_441' title='bbox 2356 2013 2451 2052; x_wconf 91' lang='lat' dir='ltr'><strong>haud</strong></span> 
     </span>
     <span class='ocr_line' id='line_1_33' title="bbox 180 2079 2450 2129; baseline 0 -14"><span class='ocrx_word' id='word_1_442' title='bbox 180 2091 258 2115; x_wconf 86' lang='lat' dir='ltr'><strong>raro</strong></span> <span class='ocrx_word' id='word_1_443' title='bbox 279 2080 323 2115; x_wconf 88' lang='lat' dir='ltr'><strong>ita</strong></span> <span class='ocrx_word' id='word_1_444' title='bbox 344 2092 362 2115; x_wconf 94' lang='lat' dir='ltr'><strong>a</strong></span> <span class='ocrx_word' id='word_1_445' title='bbox 381 2080 499 2116; x_wconf 88' lang='lat' dir='ltr'><strong>Tacito</strong></span> <span class='ocrx_word' id='word_1_446' title='bbox 524 2079 716 2116; x_wconf 90' lang='lat' dir='ltr'><strong>adhibitum</strong></span> <span class='ocrx_word' id='word_1_447' title='bbox 745 2079 1057 2129; x_wconf 81' lang='lat' dir='ltr'><strong>deprehendimus,</strong></span> <span class='ocrx_word' id='word_1_448' title='bbox 1087 2084 1125 2115; x_wconf 88' lang='lat' dir='ltr'><strong>ut</strong></span> <span class='ocrx_word' id='word_1_449' title='bbox 1152 2085 1274 2115; x_wconf 88' lang='lat' dir='ltr'><strong>nostro</strong></span> <span class='ocrx_word' id='word_1_450' title='bbox 1303 2092 1446 2129; x_wconf 90' lang='lat' dir='ltr'><strong>quoque</strong></span> <span class='ocrx_word' id='word_1_451' title='bbox 1475 2080 1555 2117; x_wconf 91' lang='lat' dir='ltr'><strong>loco</strong></span> <span class='ocrx_word' id='word_1_452' title='bbox 1585 2081 1629 2116; x_wconf 91' lang='lat' dir='ltr'><strong>de</strong></span> <span class='ocrx_word' id='word_1_453' title='bbox 1659 2080 1805 2116; x_wconf 87' lang='lat' dir='ltr'><strong>cohorte</strong></span> <span class='ocrx_word' id='word_1_454' title='bbox 1834 2092 2067 2116; x_wconf 88' lang='lat' dir='ltr'><strong>accensorum</strong></span> <span class='ocrx_word' id='word_1_455' title='bbox 2095 2081 2250 2129; x_wconf 86' lang='lat' dir='ltr'><strong>cogitare</strong></span> <span class='ocrx_word' id='word_1_456' title='bbox 2279 2086 2450 2116; x_wconf 76' lang='lat' dir='ltr'><strong>vetemur.</strong></span> 
     </span>
     <span class='ocr_line' id='line_1_34' title="bbox 179 2142 2451 2193; baseline 0.001 -14"><span class='ocrx_word' id='word_1_457' title='bbox 179 2148 319 2192; x_wconf 84' lang='lat' dir='ltr'><strong>praeter</strong></span> <span class='ocrx_word' id='word_1_458' title='bbox 355 2156 419 2180; x_wconf 87' lang='lat' dir='ltr'><strong>eos</strong></span> <span class='ocrx_word' id='word_1_459' title='bbox 456 2144 573 2189; x_wconf 90' lang='lat' dir='ltr'><strong>locos,</strong></span> <span class='ocrx_word' id='word_1_460' title='bbox 618 2144 746 2193; x_wconf 87' lang='lat' dir='ltr'><strong>quibus</strong></span> <span class='ocrx_word' id='word_1_461' title='bbox 784 2157 909 2181; x_wconf 88' lang='lat' dir='ltr'><strong>manus</strong></span> <span class='ocrx_word' id='word_1_462' title='bbox 947 2143 1072 2193; x_wconf 89' lang='lat' dir='ltr'><strong>aliquis</strong></span> <span class='ocrx_word' id='word_1_463' title='bbox 1110 2148 1165 2180; x_wconf 93' lang='lat' dir='ltr'><strong>est</strong></span> <span class='ocrx_word' id='word_1_464' title='bbox 1200 2143 1346 2181; x_wconf 85' lang='lat' dir='ltr'><strong>militum</strong></span> <span class='ocrx_word' id='word_1_465' title='bbox 1388 2157 1558 2181; x_wconf 87' lang='lat' dir='ltr'><strong>numerus</strong></span> <span class='ocrx_word' id='word_1_466' title='bbox 1596 2157 1662 2181; x_wconf 87' lang='lat' dir='ltr'><strong>una</strong></span> <span class='ocrx_word' id='word_1_467' title='bbox 1698 2145 1732 2181; x_wconf 89' lang='lat' dir='ltr'><strong>in</strong></span> <span class='ocrx_word' id='word_1_468' title='bbox 1761 2144 2022 2193; x_wconf 87' lang='lat' dir='ltr'><strong>expeditionem</strong></span> <span class='ocrx_word' id='word_1_469' title='bbox 2051 2144 2241 2181; x_wconf 90' lang='lat' dir='ltr'><strong>missorum</strong></span> <span class='ocrx_word' id='word_1_470' title='bbox 2267 2143 2307 2180; x_wconf 88' lang='lat' dir='ltr'><strong>A.</strong></span> <span class='ocrx_word' id='word_1_471' title='bbox 2339 2143 2371 2188; x_wconf 92' lang='lat'><strong>1,</strong></span> <span class='ocrx_word' id='word_1_472' title='bbox 2401 2142 2451 2181; x_wconf 84' lang='grc'><strong>60</strong></span> 
     </span>
     <span class='ocr_line' id='line_1_35' title="bbox 180 2205 2451 2257; baseline 0 -15"><span class='ocrx_word' id='word_1_473' title='bbox 180 2205 340 2255; x_wconf 86' lang='lat' dir='ltr'><strong>expedita</strong></span> <span class='ocrx_word' id='word_1_474' title='bbox 381 2219 460 2243; x_wconf 90' lang='lat' dir='ltr'><strong>cum</strong></span> <span class='ocrx_word' id='word_1_475' title='bbox 496 2219 628 2243; x_wconf 90' lang='lat' dir='ltr'><strong>manu</strong></span> <span class='ocrx_word' id='word_1_476' title='bbox 656 2207 694 2243; x_wconf 92' lang='lat' dir='ltr'><strong>L.</strong></span> <span class='ocrx_word' id='word_1_477' title='bbox 723 2206 911 2244; x_wconf 89' lang='lat' dir='ltr'><strong>Stertinius</strong></span> <span class='ocrx_word' id='word_1_478' title='bbox 940 2206 1037 2243; x_wconf 90' lang='lat' dir='ltr'><strong>fudit.</strong></span> <span class='ocrx_word' id='word_1_479' title='bbox 1080 2205 1118 2242; x_wconf 90' lang='lat' dir='ltr'><strong>A.</strong></span> <span class='ocrx_word' id='word_1_480' title='bbox 1148 2205 1183 2251; x_wconf 81' lang='lat'><strong>5,</strong></span> <span class='ocrx_word' id='word_1_481' title='bbox 1214 2205 1273 2242; x_wconf 84' lang='lat'><strong>74.</strong></span> <span class='ocrx_word' id='word_1_482' title='bbox 1303 2205 1338 2251; x_wconf 87' lang='lat'><strong>4,</strong></span> <span class='ocrx_word' id='word_1_483' title='bbox 1367 2206 1417 2243; x_wconf 75' lang='lat'><strong>24</strong></span> <span class='ocrx_word' id='word_1_484' title='bbox 1446 2213 1520 2251; x_wconf 88' lang='lat' dir='ltr'><strong>eet,</strong></span> <span class='ocrx_word' id='word_1_485' title='bbox 1558 2207 1652 2244; x_wconf 89' lang='lat' dir='ltr'><strong>haud</strong></span> <span class='ocrx_word' id='word_1_486' title='bbox 1680 2208 1782 2257; x_wconf 86' lang='lat' dir='ltr'><strong>pauci</strong></span> <span class='ocrx_word' id='word_1_487' title='bbox 1812 2212 1948 2251; x_wconf 88' lang='lat' dir='ltr'><strong>extant,</strong></span> <span class='ocrx_word' id='word_1_488' title='bbox 1995 2207 2122 2257; x_wconf 91' lang='lat' dir='ltr'><strong>quibus</strong></span> <span class='ocrx_word' id='word_1_489' title='bbox 2150 2219 2276 2244; x_wconf 89' lang='lat' dir='ltr'><strong>manus</strong></span> <span class='ocrx_word' id='word_1_490' title='bbox 2304 2206 2451 2243; x_wconf 88' lang='lat' dir='ltr'><strong>militum</strong></span> 
     </span>
     <span class='ocr_line' id='line_1_36' title="bbox 180 2270 2452 2320; baseline 0.001 -15"><span class='ocrx_word' id='word_1_491' title='bbox 180 2271 254 2306; x_wconf 91' lang='lat' dir='ltr'><strong>sive</strong></span> <span class='ocrx_word' id='word_1_492' title='bbox 283 2270 444 2318; x_wconf 86' lang='lat' dir='ltr'><strong>ejusdem</strong></span> <span class='ocrx_word' id='word_1_493' title='bbox 479 2271 552 2307; x_wconf 91' lang='lat' dir='ltr'><strong>sive</strong></span> <span class='ocrx_word' id='word_1_494' title='bbox 587 2271 808 2307; x_wconf 90' lang='lat' dir='ltr'><strong>diversorum</strong></span> <span class='ocrx_word' id='word_1_495' title='bbox 843 2270 1101 2319; x_wconf 88' lang='lat' dir='ltr'><strong>manipulorum</strong></span> <span class='ocrx_word' id='word_1_496' title='bbox 1134 2283 1206 2306; x_wconf 91' lang='lat' dir='ltr'><strong>non</strong></span> <span class='ocrx_word' id='word_1_497' title='bbox 1235 2270 1278 2306; x_wconf 93' lang='lat' dir='ltr'><strong>ad</strong></span> <span class='ocrx_word' id='word_1_498' title='bbox 1307 2283 1444 2320; x_wconf 88' lang='lat' dir='ltr'><strong>pugnas</strong></span> <span class='ocrx_word' id='word_1_499' title='bbox 1472 2271 1527 2307; x_wconf 83' lang='lat' dir='ltr'><strong>vel</strong></span> <span class='ocrx_word' id='word_1_500' title='bbox 1556 2272 1858 2320; x_wconf 83' lang='lat' dir='ltr'><strong>oppugnationes,</strong></span> <span class='ocrx_word' id='word_1_501' title='bbox 1898 2271 1962 2307; x_wconf 89' lang='lat' dir='ltr'><strong>sed</strong></span> <span class='ocrx_word' id='word_1_502' title='bbox 1991 2271 2034 2307; x_wconf 93' lang='lat' dir='ltr'><strong>ad</strong></span> <span class='ocrx_word' id='word_1_503' title='bbox 2062 2271 2189 2307; x_wconf 87' lang='lat' dir='ltr'><strong>tributa</strong></span> <span class='ocrx_word' id='word_1_504' title='bbox 2217 2271 2379 2320; x_wconf 90' lang='lat' dir='ltr'><strong>cogenda</strong></span> <span class='ocrx_word' id='word_1_505' title='bbox 2408 2271 2452 2307; x_wconf 91' lang='lat' dir='ltr'><strong>ad</strong></span> 
     </span>
     <span class='ocr_line' id='line_1_37' title="bbox 180 2332 2451 2384; baseline 0 -15"><span class='ocrx_word' id='word_1_506' title='bbox 180 2332 350 2382; x_wconf 91' lang='lat' dir='ltr'><strong>supplicia</strong></span> <span class='ocrx_word' id='word_1_507' title='bbox 388 2333 561 2370; x_wconf 91' lang='lat' dir='ltr'><strong>sumenda</strong></span> <span class='ocrx_word' id='word_1_508' title='bbox 599 2334 754 2384; x_wconf 90' lang='lat' dir='ltr'><strong>aliasque</strong></span> <span class='ocrx_word' id='word_1_509' title='bbox 792 2333 870 2383; x_wconf 81' lang='lat' dir='ltr'><strong>ejus</strong></span> <span class='ocrx_word' id='word_1_510' title='bbox 907 2333 1003 2370; x_wconf 89' lang='lat' dir='ltr'><strong>modi</strong></span> <span class='ocrx_word' id='word_1_511' title='bbox 1041 2345 1099 2370; x_wconf 90' lang='lat' dir='ltr'><strong>res</strong></span> <span class='ocrx_word' id='word_1_512' title='bbox 1136 2333 1264 2370; x_wconf 84' lang='lat' dir='ltr'><strong>missae</strong></span> <span class='ocrx_word' id='word_1_513' title='bbox 1303 2339 1494 2371; x_wconf 89' lang='lat' dir='ltr'><strong>narrantur.</strong></span> <span class='ocrx_word' id='word_1_514' title='bbox 1537 2333 1575 2371; x_wconf 85' lang='lat' dir='ltr'><strong>A.</strong></span> <span class='ocrx_word' id='word_1_515' title='bbox 1608 2334 1665 2379; x_wconf 93' lang='lat'><strong>14,</strong></span> <span class='ocrx_word' id='word_1_516' title='bbox 1694 2333 1743 2371; x_wconf 83' lang='lat'><strong>58</strong></span> <span class='ocrx_word' id='word_1_517' title='bbox 1787 2334 1872 2371; x_wconf 91' lang='lat' dir='ltr'><strong>dum</strong></span> <span class='ocrx_word' id='word_1_518' title='bbox 1910 2347 2068 2371; x_wconf 90' lang='lat' dir='ltr'><strong>manus</strong></span> <span class='ocrx_word' id='word_1_519' title='bbox 2105 2334 2169 2371; x_wconf 88' lang='lat' dir='ltr'><strong>alia</strong></span> <span class='ocrx_word' id='word_1_520' title='bbox 2203 2339 2363 2384; x_wconf 87' lang='lat' dir='ltr'><strong>permeat</strong></span> <span class='ocrx_word' id='word_1_521' title='bbox 2395 2334 2451 2374; x_wconf 81' lang='lat' dir='ltr'><strong>(ad</strong></span> 
     </span>
     <span class='ocr_line' id='line_1_38' title="bbox 181 2394 2451 2449; baseline 0.002 -19"><span class='ocrx_word' id='word_1_522' title='bbox 181 2394 339 2434; x_wconf 88' lang='lat' dir='ltr'><strong>Plautum</strong></span> <span class='ocrx_word' id='word_1_523' title='bbox 368 2397 683 2446; x_wconf 82' lang='lat' dir='ltr'><strong>interficiendum);</strong></span> <span class='ocrx_word' id='word_1_524' title='bbox 714 2398 757 2435; x_wconf 91' lang='lat' dir='ltr'><strong>ib.</strong></span> <span class='ocrx_word' id='word_1_525' title='bbox 780 2396 830 2435; x_wconf 84' lang='lat'><strong>59</strong></span> <span class='ocrx_word' id='word_1_526' title='bbox 851 2397 968 2435; x_wconf 90' lang='lat' dir='ltr'><strong>donec</strong></span> <span class='ocrx_word' id='word_1_527' title='bbox 995 2409 1155 2435; x_wconf 89' lang='lat' dir='ltr'><strong>manus</strong></span> <span class='ocrx_word' id='word_1_528' title='bbox 1183 2397 1330 2435; x_wconf 89' lang='lat' dir='ltr'><strong>militum</strong></span> <span class='ocrx_word' id='word_1_529' title='bbox 1359 2397 1560 2443; x_wconf 89' lang='lat' dir='ltr'><strong>adveniret;</strong></span> <span class='ocrx_word' id='word_1_530' title='bbox 1589 2410 1678 2449; x_wconf 86' lang='lat' dir='ltr'><strong>quae</strong></span> <span class='ocrx_word' id='word_1_531' title='bbox 1710 2398 1838 2435; x_wconf 88' lang='lat' dir='ltr'><strong>cadem</strong></span> <span class='ocrx_word' id='word_1_532' title='bbox 1866 2410 1991 2435; x_wconf 87' lang='lat' dir='ltr'><strong>manus</strong></span> <span class='ocrx_word' id='word_1_533' title='bbox 2020 2398 2150 2435; x_wconf 88' lang='lat' dir='ltr'><strong>ibidem</strong></span> <span class='ocrx_word' id='word_1_534' title='bbox 2179 2398 2307 2435; x_wconf 87' lang='lat' dir='ltr'><strong>dicitur</strong></span> <span class='ocrx_word' id='word_1_535' title='bbox 2334 2399 2451 2435; x_wconf 87' lang='lat' dir='ltr'><strong>mani-</strong></span> 
     </span>
     <span class='ocr_line' id='line_1_39' title="bbox 181 2460 2451 2511; baseline 0.002 -17"><span class='ocrx_word' id='word_1_536' title='bbox 181 2460 303 2506; x_wconf 90' lang='lat' dir='ltr'><strong>pulus:</strong></span> <span class='ocrx_word' id='word_1_537' title='bbox 339 2473 458 2497; x_wconf 87' lang='lat' dir='ltr'><strong>eoram</strong></span> <span class='ocrx_word' id='word_1_538' title='bbox 486 2461 664 2511; x_wconf 85' lang='lat' dir='ltr'><strong>Pelagone</strong></span> <span class='ocrx_word' id='word_1_539' title='bbox 694 2462 869 2511; x_wconf 90' lang='lat' dir='ltr'><strong>spadone,</strong></span> <span class='ocrx_word' id='word_1_540' title='bbox 907 2474 1014 2511; x_wconf 89' lang='lat' dir='ltr'><strong>quem</strong></span> <span class='ocrx_word' id='word_1_541' title='bbox 1042 2461 1135 2498; x_wconf 91' lang='lat' dir='ltr'><strong>Nero</strong></span> <span class='ocrx_word' id='word_1_542' title='bbox 1165 2463 1362 2498; x_wconf 88' lang='lat' dir='ltr'><strong>centurioni</strong></span> <span class='ocrx_word' id='word_1_543' title='bbox 1391 2468 1426 2498; x_wconf 90' lang='lat' dir='ltr'><strong>et</strong></span> <span class='ocrx_word' id='word_1_544' title='bbox 1454 2463 1691 2511; x_wconf 91' lang='lat' dir='ltr'><strong>manipulo</strong></span> <span class='ocrx_word' id='word_1_545' title='bbox 1723 2464 1822 2511; x_wconf 88' lang='lat' dir='ltr'><strong>quasi</strong></span> <span class='ocrx_word' id='word_1_546' title='bbox 1852 2463 2059 2499; x_wconf 89' lang='lat' dir='ltr'><strong>satellitibus</strong></span> <span class='ocrx_word' id='word_1_547' title='bbox 2087 2463 2286 2498; x_wconf 86' lang='lat' dir='ltr'><strong>ministrum</strong></span> <span class='ocrx_word' id='word_1_548' title='bbox 2315 2463 2451 2511; x_wconf 87' lang='lat' dir='ltr'><strong>regium</strong></span> 
     </span>
     <span class='ocr_line' id='line_1_40' title="bbox 179 2525 2452 2576; baseline 0.002 -18"><span class='ocrx_word' id='word_1_549' title='bbox 179 2530 441 2571; x_wconf 85' lang='lat' dir='ltr'><strong>praeposuerat,</strong></span> <span class='ocrx_word' id='word_1_550' title='bbox 469 2538 540 2574; x_wconf 92' lang='lat' dir='ltr'><strong>quo</strong></span> <span class='ocrx_word' id='word_1_551' title='bbox 568 2525 649 2562; x_wconf 88' lang='lat' dir='ltr'><strong>loco</strong></span> <span class='ocrx_word' id='word_1_552' title='bbox 679 2526 763 2575; x_wconf 91' lang='lat' dir='ltr'><strong>quid</strong></span> <span class='ocrx_word' id='word_1_553' title='bbox 792 2526 904 2562; x_wconf 89' lang='lat' dir='ltr'><strong>valeat</strong></span> <span class='ocrx_word' id='word_1_554' title='bbox 931 2525 1131 2575; x_wconf 89' lang='lat' dir='ltr'><strong>manipulus</strong></span> <span class='ocrx_word' id='word_1_555' title='bbox 1160 2525 1380 2570; x_wconf 90' lang='lat' dir='ltr'><strong>vocabulum,</strong></span> <span class='ocrx_word' id='word_1_556' title='bbox 1409 2526 1528 2563; x_wconf 86' lang='lat' dir='ltr'><strong>videas</strong></span> <span class='ocrx_word' id='word_1_557' title='bbox 1557 2526 1820 2575; x_wconf 88' lang='lat' dir='ltr'><strong>Nipperdeium.</strong></span> <span class='ocrx_word' id='word_1_558' title='bbox 1849 2531 1884 2562; x_wconf 90' lang='lat' dir='ltr'><strong>at</strong></span> <span class='ocrx_word' id='word_1_559' title='bbox 1911 2526 2011 2576; x_wconf 92' lang='lat' dir='ltr'><strong>plura</strong></span> <span class='ocrx_word' id='word_1_560' title='bbox 2039 2526 2161 2563; x_wconf 84' lang='lat' dir='ltr'><strong>adfore</strong></span> <span class='ocrx_word' id='word_1_561' title='bbox 2190 2526 2352 2576; x_wconf 87' lang='lat' dir='ltr'><strong>exempla</strong></span> <span class='ocrx_word' id='word_1_562' title='bbox 2379 2538 2452 2563; x_wconf 90' lang='lat' dir='ltr'><strong>non</strong></span> 
     </span>
     <span class='ocr_line' id='line_1_41' title="bbox 181 2588 2452 2641; baseline 0.004 -20"><span class='ocrx_word' id='word_1_563' title='bbox 181 2589 236 2621; x_wconf 92' lang='lat' dir='ltr'><strong>est</strong></span> <span class='ocrx_word' id='word_1_564' title='bbox 262 2597 363 2636; x_wconf 91' lang='lat' dir='ltr'><strong>opus,</strong></span> <span class='ocrx_word' id='word_1_565' title='bbox 392 2599 471 2625; x_wconf 89' lang='lat' dir='ltr'><strong>cum</strong></span> <span class='ocrx_word' id='word_1_566' title='bbox 500 2588 601 2627; x_wconf 87' lang='lat' dir='ltr'><strong>locus</strong></span> <span class='ocrx_word' id='word_1_567' title='bbox 630 2602 736 2640; x_wconf 90' lang='lat' dir='ltr'><strong>quem</strong></span> <span class='ocrx_word' id='word_1_568' title='bbox 766 2589 883 2640; x_wconf 90' lang='lat' dir='ltr'><strong>paullo</strong></span> <span class='ocrx_word' id='word_1_569' title='bbox 912 2595 992 2627; x_wconf 86' lang='lat' dir='ltr'><strong>ante</strong></span> <span class='ocrx_word' id='word_1_570' title='bbox 1019 2589 1124 2640; x_wconf 86' lang='lat' dir='ltr'><strong>posui</strong></span> <span class='ocrx_word' id='word_1_571' title='bbox 1151 2588 1190 2627; x_wconf 88' lang='lat' dir='ltr'><strong>A.</strong></span> <span class='ocrx_word' id='word_1_572' title='bbox 1218 2588 1254 2634; x_wconf 91' lang='lat'><strong>4,</strong></span> <span class='ocrx_word' id='word_1_573' title='bbox 1294 2588 1342 2627; x_wconf 89' lang='lat'><strong>15</strong></span> <span class='ocrx_word' id='word_1_574' title='bbox 1372 2590 1568 2628; x_wconf 89' lang='lat' dir='ltr'><strong>certissimo</strong></span> <span class='ocrx_word' id='word_1_575' title='bbox 1598 2590 1642 2627; x_wconf 89' lang='lat' dir='ltr'><strong>sit</strong></span> <span class='ocrx_word' id='word_1_576' title='bbox 1669 2595 1900 2640; x_wconf 84' lang='lat' dir='ltr'><strong>argumento,</strong></span> <span class='ocrx_word' id='word_1_577' title='bbox 1937 2590 2075 2641; x_wconf 86' lang='lat' dir='ltr'><strong>legatos</strong></span> <span class='ocrx_word' id='word_1_578' title='bbox 2111 2602 2176 2641; x_wconf 91' lang='lat' dir='ltr'><strong>pro</strong></span> <span class='ocrx_word' id='word_1_579' title='bbox 2211 2595 2374 2640; x_wconf 89' lang='lat' dir='ltr'><strong>praetore</strong></span> <span class='ocrx_word' id='word_1_580' title='bbox 2408 2591 2452 2629; x_wconf 91' lang='lat' dir='ltr'><strong>ad</strong></span> 
     </span>
     <span class='ocr_line' id='line_1_42' title="bbox 176 2648 2452 2703; baseline 0.003 -19"><span class='ocrx_word' id='word_1_581' title='bbox 176 2648 275 2697; x_wconf 84' lang='lat' dir='ltr'><strong>jussa</strong></span> <span class='ocrx_word' id='word_1_582' title='bbox 303 2652 531 2699; x_wconf 90' lang='lat' dir='ltr'><strong>exsequenda</strong></span> <span class='ocrx_word' id='word_1_583' title='bbox 560 2665 632 2689; x_wconf 91' lang='lat' dir='ltr'><strong>non</strong></span> <span class='ocrx_word' id='word_1_584' title='bbox 661 2659 796 2690; x_wconf 88' lang='lat' dir='ltr'><strong>tantum</strong></span> <span class='ocrx_word' id='word_1_585' title='bbox 825 2653 891 2690; x_wconf 91' lang='lat' dir='ltr'><strong>illis</strong></span> <span class='ocrx_word' id='word_1_586' title='bbox 919 2666 1152 2690; x_wconf 89' lang='lat' dir='ltr'><strong>accensorum</strong></span> <span class='ocrx_word' id='word_1_587' title='bbox 1182 2653 1402 2696; x_wconf 89' lang='lat' dir='ltr'><strong>cohortibus,</strong></span> <span class='ocrx_word' id='word_1_588' title='bbox 1432 2667 1519 2703; x_wconf 90' lang='lat' dir='ltr'><strong>quas</strong></span> <span class='ocrx_word' id='word_1_589' title='bbox 1547 2667 1590 2690; x_wconf 84' lang='lat' dir='ltr'><strong>cx</strong></span> <span class='ocrx_word' id='word_1_590' title='bbox 1618 2654 1719 2690; x_wconf 88' lang='lat' dir='ltr'><strong>Plinii</strong></span> <span class='ocrx_word' id='word_1_591' title='bbox 1749 2654 1909 2703; x_wconf 89' lang='lat' dir='ltr'><strong>epistulis</strong></span> <span class='ocrx_word' id='word_1_592' title='bbox 1939 2655 2023 2690; x_wconf 87' lang='lat' dir='ltr'><strong>satis</strong></span> <span class='ocrx_word' id='word_1_593' title='bbox 2052 2655 2224 2698; x_wconf 89' lang='lat' dir='ltr'><strong>novimus,</strong></span> <span class='ocrx_word' id='word_1_594' title='bbox 2254 2655 2318 2691; x_wconf 92' lang='lat' dir='ltr'><strong>sed</strong></span> <span class='ocrx_word' id='word_1_595' title='bbox 2347 2655 2452 2691; x_wconf 87' lang='lat' dir='ltr'><strong>etiam</strong></span> 
     </span>
     <span class='ocr_line' id='line_1_43' title="bbox 176 2711 2451 2767; baseline 0.003 -19"><span class='ocrx_word' id='word_1_596' title='bbox 176 2711 280 2761; x_wconf 83' lang='lat' dir='ltr'><strong>justis</strong></span> <span class='ocrx_word' id='word_1_597' title='bbox 308 2712 473 2750; x_wconf 88' lang='lat' dir='ltr'><strong>militibus</strong></span> <span class='ocrx_word' id='word_1_598' title='bbox 503 2727 584 2752; x_wconf 89' lang='lat' dir='ltr'><strong>esse</strong></span> <span class='ocrx_word' id='word_1_599' title='bbox 615 2730 711 2761; x_wconf 83' lang='lat' dir='ltr'><strong>usos,</strong></span> <span class='ocrx_word' id='word_1_600' title='bbox 740 2722 814 2753; x_wconf 88' lang='lat' dir='ltr'><strong>tum</strong></span> <span class='ocrx_word' id='word_1_601' title='bbox 843 2717 928 2754; x_wconf 85' lang='lat' dir='ltr'><strong>solis</strong></span> <span class='ocrx_word' id='word_1_602' title='bbox 957 2717 1239 2762; x_wconf 90' lang='lat' dir='ltr'><strong>centurionibus,</strong></span> <span class='ocrx_word' id='word_1_603' title='bbox 1269 2723 1342 2754; x_wconf 91' lang='lat' dir='ltr'><strong>tum</strong></span> <span class='ocrx_word' id='word_1_604' title='bbox 1371 2718 1576 2767; x_wconf 88' lang='lat' dir='ltr'><strong>praesertim</strong></span> <span class='ocrx_word' id='word_1_605' title='bbox 1606 2718 1779 2767; x_wconf 89' lang='lat' dir='ltr'><strong>siquando</strong></span> <span class='ocrx_word' id='word_1_606' title='bbox 1808 2723 2018 2755; x_wconf 89' lang='lat' dir='ltr'><strong>vererentur</strong></span> <span class='ocrx_word' id='word_1_607' title='bbox 2046 2730 2091 2755; x_wconf 90' lang='lat' dir='ltr'><strong>ne</strong></span> <span class='ocrx_word' id='word_1_608' title='bbox 2120 2718 2289 2767; x_wconf 81' lang='lat' dir='ltr'><strong>injuriose</strong></span> <span class='ocrx_word' id='word_1_609' title='bbox 2318 2719 2451 2756; x_wconf 90' lang='lat' dir='ltr'><strong>tractati</strong></span> 
     </span>
     <span class='ocr_line' id='line_1_44' title="bbox 180 2774 2162 2831; baseline 0.004 -20"><span class='ocrx_word' id='word_1_610' title='bbox 180 2774 412 2825; x_wconf 88' lang='lat' dir='ltr'><strong>provinciales</strong></span> <span class='ocrx_word' id='word_1_611' title='bbox 441 2777 584 2827; x_wconf 83' lang='lat' dir='ltr'><strong>injurias</strong></span> <span class='ocrx_word' id='word_1_612' title='bbox 612 2779 645 2816; x_wconf 88' lang='lat' dir='ltr'><strong>vi</strong></span> <span class='ocrx_word' id='word_1_613' title='bbox 681 2780 875 2818; x_wconf 87' lang='lat' dir='ltr'><strong>defendere</strong></span> <span class='ocrx_word' id='word_1_614' title='bbox 905 2786 1127 2826; x_wconf 86' lang='lat' dir='ltr'><strong>conarentur,</strong></span> <span class='ocrx_word' id='word_1_615' title='bbox 1156 2781 1258 2818; x_wconf 89' lang='lat' dir='ltr'><strong>etiam</strong></span> <span class='ocrx_word' id='word_1_616' title='bbox 1288 2780 1562 2831; x_wconf 88' lang='lat' dir='ltr'><strong>manipularibus</strong></span> <span class='ocrx_word' id='word_1_617' title='bbox 1591 2793 1659 2817; x_wconf 90' lang='lat' dir='ltr'><strong>una</strong></span> <span class='ocrx_word' id='word_1_618' title='bbox 1689 2793 1769 2817; x_wconf 88' lang='lat' dir='ltr'><strong>cum</strong></span> <span class='ocrx_word' id='word_1_619' title='bbox 1799 2781 2007 2818; x_wconf 85' lang='lat' dir='ltr'><strong>centurione</strong></span> <span class='ocrx_word' id='word_1_620' title='bbox 2036 2781 2162 2819; x_wconf 91' lang='lat' dir='ltr'><strong>missis.</strong></span> 
     </span>
    </p>
   </div>
   <div class='ocr_carea' id='block_1_6' title="bbox 178 2873 2454 3376">
    <p class='ocr_par' dir='ltr' id='par_1_8' title="bbox 179 2873 2454 3177">
     <span class='ocr_line' id='line_1_45' title="bbox 367 2873 2453 2926; baseline 0.001 -15"><span class='ocrx_word' id='word_1_621' title='bbox 367 2873 458 2921; x_wconf 76' lang='lat' dir='ltr'><strong>Agr.</strong></span> <span class='ocrx_word' id='word_1_622' title='bbox 487 2873 541 2911; x_wconf 81' lang='lat'><strong>16.</strong></span> <span class='ocrx_word' id='word_1_623' title='bbox 595 2874 750 2912; x_wconf 88' lang='lat' dir='ltr'><strong>Halmius</strong></span> <span class='ocrx_word' id='word_1_624' title='bbox 779 2876 870 2913; x_wconf 89' lang='lat' dir='ltr'><strong>hanc</strong></span> <span class='ocrx_word' id='word_1_625' title='bbox 898 2876 1039 2914; x_wconf 89' lang='lat' dir='ltr'><strong>exhibet</strong></span> <span class='ocrx_word' id='word_1_626' title='bbox 1067 2877 1294 2926; x_wconf 84' lang='lat' dir='ltr'><strong>scripturam:</strong></span> <span class='ocrx_word' id='word_1_627' title='bbox 1326 2878 1414 2925; x_wconf 86' lang='lat' dir='ltr'><strong>quod</strong></span> <span class='ocrx_word' id='word_1_628' title='bbox 1439 2878 1505 2913; x_wconf 87' lang='lat' dir='ltr'><strong>nisi</strong></span> <span class='ocrx_word' id='word_1_629' title='bbox 1531 2877 1695 2914; x_wconf 80' lang='lat' dir='ltr'><strong>Paulinus</strong></span> <span class='ocrx_word' id='word_1_630' title='bbox 1724 2878 1853 2925; x_wconf 65' lang='lat' dir='ltr'><strong>cognito</strong></span> <span class='ocrx_word' id='word_1_631' title='bbox 1879 2878 2074 2925; x_wconf 80' lang='lat' dir='ltr'><strong>provinciae</strong></span> <span class='ocrx_word' id='word_1_632' title='bbox 2099 2884 2190 2914; x_wconf 85' lang='lat' dir='ltr'><strong>motu</strong></span> <span class='ocrx_word' id='word_1_633' title='bbox 2210 2890 2354 2925; x_wconf 83' lang='lat' dir='ltr'><strong>propere</strong></span> <span class='ocrx_word' id='word_1_634' title='bbox 2375 2880 2453 2915; x_wconf 84' lang='lat' dir='ltr'><strong>sub-</strong></span> 
     </span>
     <span class='ocr_line' id='line_1_46' title="bbox 179 2936 2452 2992; baseline 0.003 -20"><span class='ocrx_word' id='word_1_635' title='bbox 179 2936 334 2980; x_wconf 75' lang='lat' dir='ltr'><strong>venisset,</strong></span> <span class='ocrx_word' id='word_1_636' title='bbox 363 2938 489 2974; x_wconf 86' lang='lat' dir='ltr'><strong>amissa</strong></span> <span class='ocrx_word' id='word_1_637' title='bbox 516 2937 698 2977; x_wconf 77' lang='lat' dir='ltr'><strong>Britannia</strong></span> <span class='ocrx_word' id='word_1_638' title='bbox 722 2943 830 2990; x_wconf 84' lang='lat' dir='ltr'><strong>foret;</strong></span> <span class='ocrx_word' id='word_1_639' title='bbox 863 2953 962 2990; x_wconf 84' lang='lat' dir='ltr'><strong>quam</strong></span> <span class='ocrx_word' id='word_1_640' title='bbox 989 2942 1089 2978; x_wconf 84' lang='lat' dir='ltr'><strong>unius</strong></span> <span class='ocrx_word' id='word_1_641' title='bbox 1113 2942 1236 2990; x_wconf 81' lang='lat' dir='ltr'><strong>proelii</strong></span> <span class='ocrx_word' id='word_1_642' title='bbox 1269 2943 1407 2990; x_wconf 85' lang='lat' dir='ltr'><strong>fortuna</strong></span> <span class='ocrx_word' id='word_1_643' title='bbox 1434 2941 1536 2977; x_wconf 81' lang='lat' dir='ltr'><strong>veteri</strong></span> <span class='ocrx_word' id='word_1_644' title='bbox 1561 2942 1747 2989; x_wconf 74' lang='lat' dir='ltr'><strong>patientiae</strong></span> <span class='ocrx_word' id='word_1_645' title='bbox 1770 2942 1926 2984; x_wconf 79' lang='lat' dir='ltr'><strong>restituit,</strong></span> <span class='ocrx_word' id='word_1_646' title='bbox 1954 2942 2136 2979; x_wconf 80' lang='lat' dir='ltr'><strong>tenentibus</strong></span> <span class='ocrx_word' id='word_1_647' title='bbox 2158 2954 2254 2978; x_wconf 86' lang='lat' dir='ltr'><strong>arma</strong></span> <span class='ocrx_word' id='word_1_648' title='bbox 2273 2942 2452 2992; x_wconf 75' lang='lat' dir='ltr'><strong>plerisque,</strong></span> 
     </span>
     <span class='ocr_line' id='line_1_47' title="bbox 180 3001 2453 3056; baseline 0.004 -21"><span class='ocrx_word' id='word_1_649' title='bbox 180 3009 260 3046; x_wconf 83' lang='lat' dir='ltr'><strong>quos</strong></span> <span class='ocrx_word' id='word_1_650' title='bbox 291 3001 492 3039; x_wconf 81' lang='lat' dir='ltr'><strong>conscientia</strong></span> <span class='ocrx_word' id='word_1_651' title='bbox 525 3003 716 3052; x_wconf 83' lang='lat' dir='ltr'><strong>defectionis</strong></span> <span class='ocrx_word' id='word_1_652' title='bbox 750 3011 780 3043; x_wconf 87' lang='lat' dir='ltr'><strong>ct</strong></span> <span class='ocrx_word' id='word_1_653' title='bbox 810 3005 970 3055; x_wconf 84' lang='lat' dir='ltr'><strong>proprius</strong></span> <span class='ocrx_word' id='word_1_654' title='bbox 1003 3018 1046 3043; x_wconf 73' lang='lat' dir='ltr'><strong>ex</strong></span> <span class='ocrx_word' id='word_1_655' title='bbox 1077 3006 1184 3055; x_wconf 64' lang='lat' dir='ltr'><strong>legato</strong></span> <span class='ocrx_word' id='word_1_656' title='bbox 1218 3006 1319 3043; x_wconf 89' lang='lat' dir='ltr'><strong>timor</strong></span> <span class='ocrx_word' id='word_1_657' title='bbox 1346 3005 1501 3054; x_wconf 72' lang='lat' dir='ltr'><strong>ayttabat,</strong></span> <span class='ocrx_word' id='word_1_658' title='bbox 1516 3004 1549 3015; x_wconf 73' lang='lat'><strong>&#39;²</strong></span> <span class='ocrx_word' id='word_1_659' title='bbox 1576 3018 1618 3042; x_wconf 84' lang='lat' dir='ltr'><strong>ne</strong></span> <span class='ocrx_word' id='word_1_660' title='bbox 1646 3017 1846 3055; x_wconf 84' lang='lat' dir='ltr'><strong>quamquam</strong></span> <span class='ocrx_word' id='word_1_661' title='bbox 1874 3007 2024 3055; x_wconf 74' lang='lat' dir='ltr'><strong>eqreqius</strong></span> <span class='ocrx_word' id='word_1_662' title='bbox 2051 3011 2159 3043; x_wconf 80' lang='lat' dir='ltr'><strong>cetera</strong></span> <span class='ocrx_word' id='word_1_663' title='bbox 2191 3006 2392 3056; x_wconf 64' lang='lat' dir='ltr'><strong>adroganter</strong></span> <span class='ocrx_word' id='word_1_664' title='bbox 2417 3008 2453 3043; x_wconf 85' lang='lat' dir='ltr'><strong>in</strong></span> 
     </span>
     <span class='ocr_line' id='line_1_48' title="bbox 181 3062 2454 3119; baseline 0.004 -22"><span class='ocrx_word' id='word_1_665' title='bbox 181 3062 306 3099; x_wconf 84' lang='lat' dir='ltr'><strong>deditos</strong></span> <span class='ocrx_word' id='word_1_666' title='bbox 339 3070 369 3101; x_wconf 83' lang='lat' dir='ltr'><strong>et</strong></span> <span class='ocrx_word' id='word_1_667' title='bbox 402 3071 439 3101; x_wconf 88' lang='lat' dir='ltr'><strong>ut</strong></span> <span class='ocrx_word' id='word_1_668' title='bbox 474 3079 554 3103; x_wconf 85' lang='lat' dir='ltr'><strong>suae</strong></span> <span class='ocrx_word' id='word_1_669' title='bbox 588 3070 817 3118; x_wconf 78' lang='lat' dir='ltr'><strong>exercitusque</strong></span> <span class='ocrx_word' id='word_1_670' title='bbox 843 3070 991 3116; x_wconf 81' lang='lat' dir='ltr'><strong>injuriae</strong></span> <span class='ocrx_word' id='word_1_671' title='bbox 1018 3071 1108 3106; x_wconf 86' lang='lat' dir='ltr'><strong>ultor</strong></span> <span class='ocrx_word' id='word_1_672' title='bbox 1135 3071 1252 3106; x_wconf 76' lang='lat' dir='ltr'><strong>durius</strong></span> <span class='ocrx_word' id='word_1_673' title='bbox 1279 3071 1472 3106; x_wconf 82' lang='lat' dir='ltr'><strong>consuleret.</strong></span> <span class='ocrx_word' id='word_1_674' title='bbox 1527 3071 1648 3106; x_wconf 83' lang='lat' dir='ltr'><strong>missus</strong></span> <span class='ocrx_word' id='word_1_675' title='bbox 1686 3072 1792 3118; x_wconf 64' lang='lat' dir='ltr'><strong>igitur</strong></span> <span class='ocrx_word' id='word_1_676' title='bbox 1827 3070 2004 3106; x_wconf 79' lang='lat' dir='ltr'><strong>Petronius</strong></span> <span class='ocrx_word' id='word_1_677' title='bbox 2034 3070 2248 3118; x_wconf 81' lang='lat' dir='ltr'><strong>Turpilianus</strong></span> <span class='ocrx_word' id='word_1_678' title='bbox 2283 3077 2454 3119; x_wconf 82' lang='lat' dir='ltr'><strong>tamquam</strong></span> 
     </span>
     <span class='ocr_line' id='line_1_49' title="bbox 181 3125 1291 3177; baseline 0.015 -17"><span class='ocrx_word' id='word_1_679' title='bbox 181 3125 385 3163; x_wconf 72' lang='lat' dir='ltr'><strong>exorabilior</strong></span> <span class='ocrx_word' id='word_1_680' title='bbox 412 3134 469 3165; x_wconf 79' lang='lat' dir='ltr'><strong>cet.</strong></span> <span class='ocrx_word' id='word_1_681' title='bbox 1288 3176 1291 3177; x_wconf 13' lang='grc' dir='ltr'><em>γ</em></span> 
     </span>
    </p>

    <p class='ocr_par' dir='ltr' id='par_1_9' title="bbox 178 3190 2452 3376">
     <span class='ocr_line' id='line_1_50' title="bbox 367 3190 2451 3248; baseline 0.003 -20"><span class='ocrx_word' id='word_1_682' title='bbox 367 3190 529 3230; x_wconf 85' lang='lat' dir='ltr'><strong>Lacunae</strong></span> <span class='ocrx_word' id='word_1_683' title='bbox 558 3195 671 3244; x_wconf 85' lang='lat' dir='ltr'><strong>signis</strong></span> <span class='ocrx_word' id='word_1_684' title='bbox 700 3196 844 3233; x_wconf 89' lang='lat' dir='ltr'><strong>minime</strong></span> <span class='ocrx_word' id='word_1_685' title='bbox 874 3209 965 3247; x_wconf 89' lang='lat' dir='ltr'><strong>opus</strong></span> <span class='ocrx_word' id='word_1_686' title='bbox 993 3202 1056 3233; x_wconf 91' lang='lat' dir='ltr'><strong>est.</strong></span> <span class='ocrx_word' id='word_1_687' title='bbox 1086 3210 1167 3233; x_wconf 90' lang='lat' dir='ltr'><strong>nam</strong></span> <span class='ocrx_word' id='word_1_688' title='bbox 1196 3209 1240 3233; x_wconf 83' lang='lat' dir='ltr'><strong>ex</strong></span> <span class='ocrx_word' id='word_1_689' title='bbox 1280 3196 1318 3232; x_wconf 86' lang='lat' dir='ltr'><strong>A.</strong></span> <span class='ocrx_word' id='word_1_690' title='bbox 1351 3196 1409 3242; x_wconf 90' lang='lat'><strong>14,</strong></span> <span class='ocrx_word' id='word_1_691' title='bbox 1439 3196 1488 3234; x_wconf 81' lang='lat'><strong>38</strong></span> <span class='ocrx_word' id='word_1_692' title='bbox 1518 3204 1678 3247; x_wconf 85' lang='lat' dir='ltr'><strong>apparet,</strong></span> <span class='ocrx_word' id='word_1_693' title='bbox 1707 3197 1836 3234; x_wconf 81' lang='lat' dir='ltr'><strong>Julium</strong></span> <span class='ocrx_word' id='word_1_694' title='bbox 1864 3196 2104 3234; x_wconf 82' lang='lat' dir='ltr'><strong>classicanum</strong></span> <span class='ocrx_word' id='word_1_695' title='bbox 2133 3211 2204 3234; x_wconf 89' lang='lat' dir='ltr'><strong>non</strong></span> <span class='ocrx_word' id='word_1_696' title='bbox 2233 3199 2310 3235; x_wconf 89' lang='lat' dir='ltr'><strong>sine</strong></span> <span class='ocrx_word' id='word_1_697' title='bbox 2338 3198 2451 3248; x_wconf 88' lang='lat' dir='ltr'><strong>aliqua</strong></span> 
     </span>
     <span class='ocr_line' id='line_1_51' title="bbox 180 3252 2452 3311; baseline 0.004 -24"><span class='ocrx_word' id='word_1_698' title='bbox 180 3263 285 3288; x_wconf 89' lang='lat' dir='ltr'><strong>causa</strong></span> <span class='ocrx_word' id='word_1_699' title='bbox 314 3252 491 3302; x_wconf 86' lang='lat' dir='ltr'><strong>objecisse</strong></span> <span class='ocrx_word' id='word_1_700' title='bbox 514 3256 660 3294; x_wconf 89' lang='lat' dir='ltr'><strong>Paulino</strong></span> <span class='ocrx_word' id='word_1_701' title='bbox 688 3260 775 3295; x_wconf 91' lang='lat' dir='ltr'><strong>iram</strong></span> <span class='ocrx_word' id='word_1_702' title='bbox 803 3260 968 3296; x_wconf 90' lang='lat' dir='ltr'><strong>hostilem</strong></span> <span class='ocrx_word' id='word_1_703' title='bbox 997 3266 1031 3296; x_wconf 88' lang='lat' dir='ltr'><strong>et</strong></span> <span class='ocrx_word' id='word_1_704' title='bbox 1060 3261 1262 3310; x_wconf 91' lang='lat' dir='ltr'><strong>superbiam</strong></span> <span class='ocrx_word' id='word_1_705' title='bbox 1290 3261 1443 3304; x_wconf 87' lang='lat' dir='ltr'><strong>victoris,</strong></span> <span class='ocrx_word' id='word_1_706' title='bbox 1473 3273 1610 3309; x_wconf 90' lang='lat' dir='ltr'><strong>eosque</strong></span> <span class='ocrx_word' id='word_1_707' title='bbox 1639 3261 1744 3310; x_wconf 85' lang='lat' dir='ltr'><strong>legati</strong></span> <span class='ocrx_word' id='word_1_708' title='bbox 1773 3273 1891 3297; x_wconf 90' lang='lat' dir='ltr'><strong>mores</strong></span> <span class='ocrx_word' id='word_1_709' title='bbox 1920 3261 2095 3297; x_wconf 89' lang='lat' dir='ltr'><strong>Britannis</strong></span> <span class='ocrx_word' id='word_1_710' title='bbox 2125 3262 2236 3298; x_wconf 86' lang='lat' dir='ltr'><strong>fuisse</strong></span> <span class='ocrx_word' id='word_1_711' title='bbox 2264 3268 2452 3311; x_wconf 87' lang='lat' dir='ltr'><strong>suspectos</strong></span> 
     </span>
     <span class='ocr_line' id='line_1_52' title="bbox 178 3314 2452 3376; baseline 0.004 -24"><span class='ocrx_word' id='word_1_712' title='bbox 178 3319 214 3352; x_wconf 91' lang='lat' dir='ltr'><strong>et</strong></span> <span class='ocrx_word' id='word_1_713' title='bbox 241 3314 430 3363; x_wconf 89' lang='lat' dir='ltr'><strong>obstitisse,</strong></span> <span class='ocrx_word' id='word_1_714' title='bbox 460 3320 650 3369; x_wconf 90' lang='lat' dir='ltr'><strong>quominus</strong></span> <span class='ocrx_word' id='word_1_715' title='bbox 678 3323 793 3360; x_wconf 89' lang='lat' dir='ltr'><strong>statim</strong></span> <span class='ocrx_word' id='word_1_716' title='bbox 822 3336 861 3361; x_wconf 88' lang='lat' dir='ltr'><strong>se</strong></span> <span class='ocrx_word' id='word_1_717' title='bbox 891 3323 1073 3362; x_wconf 90' lang='lat' dir='ltr'><strong>dederent.</strong></span> <span class='ocrx_word' id='word_1_718' title='bbox 1129 3323 1226 3374; x_wconf 92' lang='lat' dir='ltr'><strong>quod</strong></span> <span class='ocrx_word' id='word_1_719' title='bbox 1254 3337 1335 3362; x_wconf 88' lang='lat' dir='ltr'><strong>eum</strong></span> <span class='ocrx_word' id='word_1_720' title='bbox 1363 3323 1512 3362; x_wconf 87' lang='lat' dir='ltr'><strong>Romam</strong></span> <span class='ocrx_word' id='word_1_721' title='bbox 1540 3324 1737 3362; x_wconf 87' lang='lat' dir='ltr'><strong>nuntiasset</strong></span> <span class='ocrx_word' id='word_1_722' title='bbox 1764 3322 1998 3368; x_wconf 81' lang='lat' dir='ltr'><strong>ClassicanuS,</strong></span> <span class='ocrx_word' id='word_1_723' title='bbox 2027 3324 2072 3362; x_wconf 88' lang='lat' dir='ltr'><strong>ad</strong></span> <span class='ocrx_word' id='word_1_724' title='bbox 2102 3324 2335 3375; x_wconf 90' lang='lat' dir='ltr'><strong>spectandum</strong></span> <span class='ocrx_word' id='word_1_725' title='bbox 2363 3338 2452 3376; x_wconf 86' lang='lat' dir='ltr'><strong>pro-</strong></span> 
     </span>
    </p>
   </div>
   <div class='ocr_carea' id='block_1_7' title="bbox 0 3459 2651 3500">
    <p class='ocr_par' dir='ltr' id='par_1_10' title="bbox 0 3459 2651 3500">
     <span class='ocr_line' id='line_1_53' title="bbox 0 3459 2651 3500; baseline -0.01 0"><span class='ocrx_word' id='word_1_726' title='bbox 0 3459 2651 3500; x_wconf 36' lang='lat' dir='ltr'><strong>Q—ss———Q—„d</strong></span> 
     </span>
    </p>
   </div>
  </div>
 </body>
</html>
