2651 3500
1261 52 1288 95 9

140 186 230 225 Plin.
256 199 338 238 pan.
366 184 418 223 44
445 182 597 226 Facilius
623 186 698 228 est,
739 187 779 220 ut
817 194 900 221 esse
936 182 1064 233 aliquis
1098 194 1293 229 successor
1327 187 1410 220 tuus
1445 181 1561 232 possit
1595 193 1701 232 quam
1736 187 1777 219 ut
1809 180 1939 220 velit.
1958 174 2073 232 qu'n
2069 236 2075 239 q
2162 206 2179 226 ,.
2217 223 2231 232 ,-
2250 221 2262 235 ὦ

141 250 312 290 molem
348 252 507 308 sponte,
508 245 727 286 subeat?
746 244 866 284 Rothii
900 245 1148 285 adnotationes
1181 245 1266 284 h.1.
1295 243 1388 285 etH
1416 243 1451 291 1,
1479 243 1542 284 61.
1594 249 1705 283 restat
1730 251 1770 283 ut
1793 243 1902 285 verba
1928 244 1982 283 vir
2009 255 2175 297 ψ
2211 258 2217 264 ’
2416 266 2479 290 25.

141 316 271 354 licebat
296 313 527 373 explicentur.
561 311 723 350 referunt
748 310 898 349 Wexius
925 317 962 349 et
986 310 1137 349 Kritzius
1164 315 1334 361 quantumi
1361 308 1491 348 licebat
1517 322 1589 347 non
1617 308 1663 347 ad
1688 321 1840 360 magnus
1867 308 1934 347 sed
1961 308 2006 347 ad
2032 308 2211 356 audiuit,
2247 333 2249 339 ‹
2382 301 2391 305 ⁴
2407 305 2424 311 ”’

144 379 358 431 Vespasiano
395 382 556 427 tempora
591 388 664 414 non
702 376 749 414 ita
784 374 968 413 virtutibus
1005 374 1136 413 fuerint
1170 373 1317 421 infesta,
1353 379 1394 412 ut
1426 374 1511 412 viris
1546 373 1685 424 magnis
1721 373 1864 424 ingenia
1897 386 2064 412 exserere
2091 385 2166 412 non
2191 372 2327 413 Hecu.
2378 359 2418 413 Ι

145 455 262 496 neque
281 440 449 480 sustinuit
465 440 598 479 molem
625 441 794 491 quantum
822 439 950 478 licebat
976 438 1061 490 quid
1090 439 1145 485 sit,
1172 438 1258 476 satis
1287 443 1342 476 est
1367 438 1607 490 perspicuum,
1634 450 1705 476 nec
1727 437 1895 483 Tacitum,
1923 438 1953 476 si
1981 438 2027 476 ita
2055 436 2161 476 verba
2187 436 2296 476 venet
2320 437 2416 477 ium·
2456 442 2458 444 ’

147 522 186 547 se
210 507 330 557 jungi,
367 506 420 543 sic
447 517 490 543 ea
518 505 728 542 conlocasse
756 505 961 554 putaverim,
990 504 1055 542 sed
1083 509 1252 554 quantum
1279 503 1408 540 licebat
1434 508 1495 540 aut
1521 508 1601 541 ante
1630 503 1796 540 sustinuit
1821 508 1897 540 erat
1923 501 2131 553 ponendum
2158 501 2204 540 cf.
2231 501 2272 539 A.
2299 501 2337 548 4,
2364 501 2409 541 71

146 571 281 610 Nullam
311 581 425 620 aeque
447 568 610 606 Tiberius
638 573 686 605 ut
712 568 908 606 rebatur
935 580 979 605 ex
1005 567 1190 605 virtutibus
1218 567 1293 604 suis
1321 579 1426 617 quam
1455 566 1772 604 dissimulationem
1800 566 1978 617 diligebat,
2005 570 2066 604 aut
2091 571 2175 617 post
2199 565 2317 617 ipsum
2344 564 2417 604 hoc

143 635 300 673 verbum.
355 634 453 683 quod
488 645 574 670 vero
610 645 761 682 magnus
798 638 967 682 quantum
995 632 1123 669 licebat
1149 632 1246 669 initio
1274 630 1380 681 hujus
1408 632 1530 680 capitis
1558 631 1676 681 magni
1704 631 1817 668 duces
1844 631 1979 681 egregii
2007 631 2185 668 exercitus
2213 642 2416 681 repugnare

147 698 291 750 dieitur,
329 695 500 747 exemplis
528 695 678 734 Muciani
706 695 803 734 Suet.
831 694 937 746 Vesp.
969 694 1017 733 15
1046 700 1082 733 et
1106 694 1249 732 Antonii
1276 693 1382 732 Primi
1409 694 1439 732 H
1467 694 1502 740 4,
1531 693 1582 733 80
1609 694 1737 732 doctus
1769 694 1976 732 memineris
2007 693 2110 732 ducis
2143 693 2228 731 boni
2254 694 2415 745 impera·

146 762 270 798 toriam
299 772 381 798 esse
409 760 573 797 virtutem
600 760 681 810 Agr.
711 759 772 804 39,
801 765 837 796 et
863 772 906 796 ex
934 759 1083 796 Helvidii
1109 758 1221 795 Prisci
1254 770 1339 795 casu
1371 758 1586 796 intellexeris
1620 759 1725 795 etiam
1752 757 1970 808 Vespasiano
1999 757 2111 795 fuisse
2141 758 2413 795 formidolomm

142 825 263 875 privati
292 824 445 861 hominis
473 836 605 860 nomen
636 836 741 872 supra
768 822 936 873 principis
964 823 1083 860 attolli.
1111 822 1354 859 beatissimum
1372 823 1467 859 enim
1496 822 1688 866 saeculum,
1717 834 1789 871 quo
1817 821 1961 859 tandem
1987 821 2127 858 licuerit
2152 834 2302 871 magnos
2329 834 2414 860 esse

143 888 247 934 viros,
271 887 314 926 ab
328 886 442 925 Nerva
461 886 606 925 demum
631 887 767 925 initium
790 885 924 933 habuit,
945 886 1052 924 immo
1076 886 1180 925 etiam
1200 890 1285 931 tum,
1306 898 1387 923 cum
1401 885 1588 923 Annalium
1608 885 1717 923 libros
1739 886 1948 936 composuit,
1968 884 2087 923 Tacito
2108 884 2174 923 suit
2191 897 2416 936 persuasum,

142 953 346 991 auctoritate
375 952 571 989 constantia
599 950 690 989 fama
719 950 850 989 clarum
881 963 962 989 esse
991 963 1106 1001 usque
1135 963 1180 988 eo
1199 955 1332 987 tantum
1355 949 1475 995 licere,
1495 950 1530 988 in
1549 955 1718 1000 quantum
1737 949 2010 1000 praeumbrante
2030 949 2251 1001 imperatoris
2271 949 2414 1001 fastigio

142 1017 242 1055 datur
278 1017 317 1053 A.
356 1015 424 1060 14,
461 1015 530 1061 47,
576 1021 614 1053 ut
649 1015 793 1067 egregie
841 1015 966 1053 dixerit
1002 1014 1170 1052 Rothius:
1213 1014 1281 1060 „lst
1323 1027 1367 1058 >es
1413 1014 1506 1051 doch
1544 1014 1642 1051 nicht
1679 1014 1743 1051 der
1779 1014 1957 1052 einzelne.
1977 1019 2123 1065 regent,
2160 1014 2317 1052 sondern
2354 1014 2415 1053 die

145 1080 356 1121 monarchie,
386 1080 515 1125 selbst,
553 1079 688 1118 welche
725 1084 829 1117 unter
866 1080 935 1117 den
973 1078 1114 1127 kaisern
1150 1079 1279 1116 keinen
1316 1078 1407 1116 nach
1445 1079 1509 1116 des
1537 1078 1676 1116 Tacitus
1704 1078 1842 1116 ansicht
1869 1091 2020 1129 grossen
2049 1091 2156 1116 mann
2182 1078 2414 1117 aufkommen

142 1144 282 1181 laesst.“
311 1143 355 1181 de
375 1143 549 1181 obruendi
573 1142 682 1181 verbo
711 1143 808 1193 quod
836 1155 986 1192 nec-esse
1015 1148 1090 1180 erat
1116 1142 1202 1180 dixit
1230 1147 1350 1179 contra
1373 1142 1540 1180 Kritzium
1565 1141 1835 1180 Schoemannus
1860 1142 1931 1180 ind.
1957 1141 2068 1180 schol.
2093 1140 2287 1193 Gryphisw.
2309 1140 2414 1181 1859

145 1221 177 1258 p.
209 1207 269 1253 11,
303 1208 404 1258 cujus
433 1207 604 1257 exemplis
632 1206 758 1244 addam
788 1206 908 1257 Vellej.
938 1205 973 1252 2,
1001 1206 1051 1245 69
1079 1206 1209 1244 Brutus
1232 1205 1405 1244 Vatinium
1435 1207 1636 1257 dignatione
1666 1206 1912 1251 obruerat,
1941 1219 2022 1243 cum
2050 1213 2086 1244 et
2112 1205 2242 1244 Brutus
2269 1206 2416 1245 cuilibet

146 1272 276 1309 ducum
304 1271 562 1322 praeferendus
590 1271 769 1309 videretur
796 1278 832 1309 et
858 1270 1015 1308 Vatinius
1052 1270 1137 1308 nulli
1171 1271 1306 1307 nomini
1338 1282 1411 1307 non
1439 1276 1537 1308 esset
1563 1270 1825 1321 postferendus.
1854 1270 1899 1308 ib.
1929 1269 1979 1307 92
2007 1270 2066 1308 fin.
2095 1270 2174 1309 Tac.
2201 1270 2241 1308 A.
2272 1269 2333 1317 15,
2362 1269 2412 1309 12

143 1335 207 1372 Ubi
237 1348 370 1372 corona
398 1336 525 1372 servati
554 1335 641 1371 civis
668 1348 733 1384 per
761 1348 884 1372 eorum
913 1348 1100 1371 numerum
1129 1335 1421 1372 obrueretur
1449 1337 1505 1382 (ex
1533 1335 1735 1383 conjectura
1764 1334 1969 1383 Nipperdei)
2003 1333 2061 1371 Or.
2091 1333 2152 1372 38.
2181 1335 2337 1384 denique
2365 1335 2413 1373 de

143 1399 402 1436 enuntiatorum
430 1398 564 1436 ratione
593 1403 697 1448 atque
722 1398 846 1436 ordine
866 1398 910 1435 cf.
930 1397 1016 1435 Plin.
1036 1410 1116 1448 pan.
1136 1396 1186 1435 24
1211 1395 1449 1435 onerasset
1475 1397 1580 1435 alium
1608 1397 1784 1447 ejusmodi
1813 1397 1992 1435 introitus:
2021 1404 2067 1435 tu
2095 1397 2224 1436 cotidie
2253 1397 2412 1436 admira-

142 1462 243 1499 bilior
264 1467 300 1500 et
319 1462 455 1508 melior,
483 1462 560 1499 talis
589 1462 754 1512 denique,
783 1462 906 1512 quales
934 1462 989 1499 alii
1018 1462 1196 1512 principes
1225 1461 1363 1499 futuros
1392 1474 1431 1499 se
1460 1468 1593 1499 tantum
1617 1461 1837 1512 pollicentur.
1866 1461 1945 1499 Tac.
1966 1462 2005 1499 A.
2029 1461 2088 1506 13,
2109 1461 2160 1500 38
2189 1461 2411 1513 Cuicumque

146 1527 344 1563 mortalium
373 1556 380 1562 .
411 1556 417 1562 .
446 1526 614 1563 barbarae
652 1527 798 1563 astutiae
826 1527 1120 1576 patuissent,
1149 1556 1156 1562 .
1186 1556 1193 1562 .
1222 1526 1441 1563 dissimulato
1484 1531 1599 1563 tamen
1638 1526 1817 1563 intellectu
1847 1555 1853 1561 .
1885 1556 1891 1561 .
1921 1527 2003 1563 totis
2041 1526 2253 1563 exercitibus
2292 1538 2412 1563 coram

143 1589 357 1626 disserturos
385 1589 578 1639 respondit.

329 1708 420 1755 Agr.
447 1707 502 1745 19.
543 1706 580 1742 ln
610 1706 733 1743 codice
761 1707 800 1742 Γ
823 1705 911 1744 haec
940 1712 1074 1743 extant:
1103 1707 1200 1745 Nihil
1223 1719 1287 1755 per
1313 1708 1447 1744 libertos
1473 1719 1649 1755 servosque
1672 1707 1826 1755 publicae
1852 1709 1912 1749 rei,
1941 1719 2008 1743 non
2034 1708 2154 1743 studiis
2178 1708 2323 1755 privatis
2350 1720 2411 1744 nec

145 1770 426 1807 commendatione
454 1775 511 1808 aut
534 1770 689 1819 precihus
716 1768 941 1808 centurionem
966 1771 1090 1808 milites
1117 1771 1312 1814 nescire,
1350 1771 1408 1808 sed
1439 1771 1600 1819 optimum
1628 1783 1788 1820 quemque
1813 1771 2095 1819 fidissimum
2119 1776 2261 1819 putare:
2297 1772 2411 1809 omnia

140 1835 226 1869 scire
252 1846 318 1870 non
346 1835 459 1871 omnia
486 1835 630 1883 exsequi.

282 1890 286 1894 ⁴
329 1897 405 1934 Jam
429 1898 574 1934 dubium
598 1910 670 1935 non
695 1904 759 1943 est,
783 1900 867 1948 quin
891 1898 1107 1935 Puteolanus
1131 1900 1271 1936 nescire
1296 1904 1392 1935 recte
1418 1900 1557 1935 mutarit
1587 1900 1621 1935 in
1647 1900 1770 1943 ascire,
1800 1898 1897 1948 quod
1922 1911 2002 1935 cum
2027 1898 2188 1935 enclitica
2211 1898 2257 1935 ad
2281 1899 2411 1937 milites

142 1960 351 1998 vocabulum
366 1960 481 1998 addita
502 1961 680 2012 particula,
702 1962 782 2013 sive·
791 1961 847 1999 illa
861 1974 904 1999 ve
919 1966 957 1998 ut
971 1961 1103 2008 volunt,
1124 1962 1197 1999 sive
1213 1961 1308 2013 quod
1324 1961 1408 1999 mihi
1424 1967 1480 2000 est
1493 1963 1566 2000 veri
1582 1962 1729 2000 similius
1745 1975 1814 2013 que
1831 1962 1905 2007 fuit,
1920 1961 2099 1999 coaluerat
2113 1962 2148 1999 in
2164 1962 2315 2000 nescire.
2345 1962 2410 2001 sed

142 2025 330 2072 quaeritur,
359 2026 418 2075 qui
447 2025 577 2062 fuerint
604 2026 651 2062 illi
681 2027 907 2063 centuriones
936 2032 972 2063 et
998 2027 1146 2071 milites,
1185 2021 1275 2076 quae
1311 2027 1364 2063 vis
1391 2027 1474 2063 insit
1501 2027 1536 2063 in
1564 2027 1721 2063 asciendi
1749 2027 1879 2071 verbo,
1917 2027 2072 2076 denique
2101 2027 2283 2076 quomodo
2319 2026 2410 2065 haec

143 2087 246 2125 verba
275 2101 355 2126 eum
385 2094 501 2126 cetera
535 2091 708 2126 sententia
744 2089 965 2127 cohaereant.
1017 2102 1058 2127 ac
1084 2090 1253 2137 Wexius,
1291 2090 1423 2141 quique
1462 2091 1539 2141 ejus
1567 2091 1714 2142 vestigia
1742 2091 1870 2142 premit
1896 2090 2065 2137 Kritzius,
2106 2090 2252 2142 intelligi
2283 2090 2414 2142 jubent

142 2153 386 2190 centurionem
415 2160 451 2190 et
478 2154 605 2191 milites
633 2154 903 2198 beneficiarios,
942 2167 1032 2203 quos
1061 2154 1193 2192 Plinius
1227 2155 1368 2204 saepius
1404 2161 1594 2199 memorat,
1632 2157 1667 2192 in
1696 2168 1801 2204 quam
1831 2154 2014 2192 cohortem
2044 2168 2280 2192 accensorum
2307 2157 2410 2193 asciri

141 2215 250 2253 fuisse
278 2215 514 2254 honorificum
543 2230 584 2254 ac
612 2217 792 2255 lucrosum
822 2217 974 2267 ideoque
1012 2230 1031 2255 a
1059 2218 1176 2256 multis
1204 2218 1306 2255 variis
1335 2218 1465 2256 artibus
1495 2219 1696 2269 expetitum.
1753 2231 1876 2256 eorum
1915 2219 2020 2269 igitur
2056 2218 2182 2256 studiis
2209 2218 2410 2269 Agricolam

140 2291 212 2316 non
242 2281 476 2325 concessisse,
506 2280 570 2317 sed
599 2281 709 2317 solam
738 2282 932 2331 petentium
961 2282 1122 2318 virtutem
1153 2287 1370 2331 spectantem
1398 2282 1540 2332 legisse,
1570 2294 1660 2332 quos
1689 2282 1838 2319 maxime
1867 2282 2018 2319 idoneos
2046 2288 2193 2332 putaret.
2229 2288 2264 2319 at
2291 2295 2411 2333 neque

139 2345 251 2381 ascire
280 2345 375 2382 nude
404 2346 557 2394 positum
586 2346 767 2394 quomodo
796 2358 873 2382 eam
902 2344 1028 2382 habeat
1055 2352 1280 2395 potestatem,
1314 2352 1353 2383 ut
1380 2347 1424 2383 sit
1450 2347 1562 2383 ascire
1592 2348 1625 2383 in
1656 2346 1839 2384 cohortem
1867 2358 2120 2391 accensorum,
2155 2358 2274 2396 neque
2303 2348 2410 2385 verba

141 2407 204 2444 scd
233 2409 404 2459 optimum
433 2422 610 2460 quemque
640 2409 848 2447 fidissimum
877 2416 999 2460 putare
1034 2410 1118 2460 quid
1154 2410 1294 2448 tandem
1324 2410 1389 2448 sibi
1418 2410 1525 2449 velint
1552 2411 1594 2448 ad
1623 2423 1797 2448 accensos
1826 2411 1942 2456 relata,
1971 2411 2103 2461 quippe
2132 2411 2192 2461 qui
2219 2423 2305 2449 num
2324 2411 2409 2449 boni

140 2478 262 2508 essent
297 2485 430 2518 necne,
469 2485 541 2510 non
580 2473 624 2510 ita
661 2473 808 2510 multum
846 2474 1031 2519 intererat,
1069 2474 1262 2511 dummodo
1301 2474 1401 2511 ducis
1435 2474 1535 2524 jussa
1572 2481 1715 2511 strenue
1755 2480 2036 2524 exsequerentur
2072 2486 2192 2525 neque
2221 2475 2409 2525 quicquam

141 2533 227 2571 ultra
255 2536 401 2586 imperia
428 2551 493 2587 per
520 2538 701 2575 libidinem
730 2538 896 2582 facerent,
925 2551 1043 2587 neque
1072 2539 1156 2587 quid
1185 2539 1230 2575 ita
1259 2539 1424 2575 efferatur
1452 2551 1684 2576 accensorum
1714 2539 1820 2583 tides,
1848 2540 1934 2575 satis
1963 2539 2131 2588 intelligo.
2187 2539 2277 2576 haec
2304 2539 2409 2576 velim

141 2598 358 2636 consideres.
414 2601 673 2650 provinciarum
711 2606 868 2638 rectores
906 2601 1022 2651 siquid
1061 2601 1189 2651 injuste
1225 2601 1340 2639 facere
1378 2602 1508 2639 vellent
1536 2602 1571 2639 in
1600 2602 1844 2652 provincialeS,
1876 2602 2141 2639 centurionibus
2169 2602 2411 2653 militibusque

140 2660 195 2696 usi
224 2669 306 2698 sunt
333 2664 500 2700 ministris
531 2664 573 2700 cf.
598 2664 655 2701 15.
680 2664 718 2700 A.
742 2664 800 2701 14.
829 2664 889 2708 51,
919 2677 1009 2715 quos
1039 2678 1082 2701 ex
1110 2678 1341 2701 accensorum
1371 2665 1517 2702 cohorte
1547 2666 1656 2702 fuisse
1686 2673 1723 2702 ut
1751 2679 1823 2702 non
1853 2667 2014 2716 negarim
2042 2667 2087 2702 ita
2117 2679 2189 2702 non
2217 2679 2282 2716 pro
2312 2672 2412 2703 certo

140 2723 395 2764 affirmaverim.
425 2760 428 2763 .
453 2740 533 2764 cum
563 2735 678 2765 autem
708 2729 865 2766 asciendi
892 2729 1103 2766 vocabulum
1131 2729 1225 2766 haud
1253 2741 1331 2766 raro
1361 2730 1404 2766 sit
1432 2730 1705 2774 „heranziehen‚
1735 2730 1959 2767 annehmen“
1989 2736 2093 2779 atque
2122 2736 2158 2767 et
2185 2730 2230 2768 de
2259 2743 2321 2775 eo,
2349 2731 2411 2780 qui

140 2787 174 2823 in
205 2787 357 2837 aliquem
384 2802 571 2827 numerum
601 2797 637 2828 et
664 2792 709 2829 de
738 2805 782 2829 eo
811 2792 871 2842 qui
899 2792 943 2829 ad
970 2804 1100 2830 munus
1128 2792 1270 2842 aliquod
1298 2792 1555 2841 perficiendum
1584 2792 1778 2838 adhibetur,
1808 2793 1954 2837 dicatur,
1984 2793 2229 2830 centurionem
2256 2793 2410 2831 milites-

141 2863 212 2901 que
241 2852 353 2889 ascire
381 2851 414 2889 h.
442 2852 464 2889 l.
494 2859 549 2891 est
576 2855 655 2900 d„ie
685 2855 823 2893 dienste
852 2856 953 2893 eines
982 2856 1213 2893 centurionen
1243 2856 1316 2893 und
1344 2856 1407 2893 der
1435 2856 1595 2894 soldaten
1623 2857 1659 2894 in
1688 2856 1865 2907 anspruch
1893 2856 2085 2894 nehmenf‘
2128 2856 2171 2894 cf.
2199 2857 2239 2894 A
2270 2856 2330 2903 15,
2358 2856 2411 2895 50

138 2914 363 2952 Adscitae
392 2921 474 2952 sunt
500 2923 641 2966 praeter
670 2918 833 2955 Subrium
865 2925 900 2956 et
927 2919 1119 2968 Sulpicium
1149 2920 1314 2956 militares
1342 2932 1467 2956 manus
1496 2900 1623 2957 Gavius
1652 2920 1816 2957 Silvanus
1845 2927 1881 2957 et
1908 2920 2039 2957 Statius
2067 2920 2252 2957 Proximus
2279 2921 2411 2958 tribuni

140 2977 337 3015 cohortium
377 2981 639 3029 praetoriarum.
695 2982 734 3019 A.
767 2982 824 3026 14,
854 2981 904 3019 40
932 2982 1106 3020 Fabianus
1142 2983 1276 3020 tabulas
1314 2984 1484 3020 ascitis
1521 2996 1612 3033 quos
1650 2984 1840 3021 memoravi
1878 2990 1915 3021 et
1950 2983 2025 3020 aliis
2062 2984 2179 3020 minus
2216 2983 2411 3021 illustribus

140 3040 303 3091 obsignat
323 3046 379 3091 (ex
400 3044 602 3094 conjectura
624 3045 838 3096 Kiesslingii)
863 3046 892 3082 H
913 3045 948 3090 2,
969 3045 1003 3084 8.
1033 3046 1147 3084 studia
1168 3047 1298 3096 privata
1320 3059 1493 3096 quaenam
1515 3047 1654 3092 fuerint,
1683 3047 1790 3084 multa
1811 3055 1963 3097 possunt
1989 3047 2146 3097 intelligi,
2175 3054 2212 3084 ut
2239 3048 2411 3097 pecunias

141 3117 221 3141 cum
249 3106 375 3155 injuria
402 3108 668 3157 provincialium
697 3110 763 3147 sibi
791 3115 954 3159 pararent
980 3111 1238 3160 provinciarum
1266 3117 1444 3155 rectores,
1478 3117 1517 3148 ut
1544 3112 1707 3148 inimicos
1736 3112 2002 3156 ulciscerentur,
2030 3111 2113 3148 alia:
2151 3111 2276 3148 eadem
2313 3112 2409 3149 enim

139 3174 193 3205 est
220 3168 255 3205 in
283 3168 338 3206 his
365 3171 483 3208 verbis
510 3178 677 3222 potestas,
707 3186 796 3224 quae
825 3174 861 3211 in
889 3174 999 3211 nostri
1028 3174 1203 3225 sermonis
1231 3174 1403 3212 vocabulo
1432 3175 1772 3226 ,‚privatinteresse.“
1807 3188 1914 3225 porro
1942 3175 2132 3225 quaeritur,
2160 3174 2242 3225 quid
2273 3174 2412 3213 valeant

138 3232 244 3269 verba
272 3246 341 3271 nec
368 3247 412 3271 ex
440 3238 751 3275 commendatione
779 3244 838 3275 aut
864 3239 1041 3287 precibus
1071 3239 1176 3288 igitur
1199 3240 1332 3276 scimus
1356 3252 1435 3276 cum
1460 3253 1504 3277 ex
1525 3240 1673 3276 aliorum
1695 3240 1904 3288 scriptorum
1934 3240 2032 3276 libris
2059 3246 2134 3276 tum
2163 3253 2206 3277 ex
2227 3238 2410 3276 Ciceronis

139 3295 298 3346 epistulis
335 3296 429 3336 haud
470 3310 549 3337 raro
587 3300 822 3351 proconsules
858 3300 900 3339 ah
936 3301 1058 3340 amicis
1096 3301 1229 3350 Romae
1264 3302 1566 3341 commorantibus
1601 3295 1759 3353 inprimis
1787 3315 1806 3340 a
1834 3302 2116 3353 negotiatoribus
2144 3315 2226 3341 esse
2254 3309 2409 3355 rogatos,

2157 3380 2181 3403 0

0 3477 311 3500 Qun-„mmm
334 3494 452 3500 *dm-sc..
500 3499 528 3500 .Ϋῖ
559 3497 579 3500 ἶ..
