2651 3500
735 719 1419 845 Animadversiones
1476 751 1878 844 Tacitinae.

1179 972 1433 978 ———
2055 944 2099 989 f

2023 1012 2026 1013 .
2036 988 2060 1016 ξ’

2017 1016 2031 1026 2

359 1117 403 1153 A.
430 1115 531 1160 Lon.
587 1113 716 1151 Coleret
748 1112 897 1161 Segestes
930 1114 1050 1149 victam
1085 1113 1214 1160 ripam,
1251 1113 1402 1161 redderet
1430 1112 1503 1159 filio
1530 1113 1755 1148 sacerdotium
1781 1112 2026 1147 hominum:
2068 1110 2252 1148 Gemma
2276 1124 2451 1161 nuquam

168 1181 251 1217 satis
275 1184 501 1221 excusaturos,
526 1178 613 1227 quod
634 1177 723 1213 inter
739 1175 851 1213 Albim
874 1181 905 1213 et
927 1175 1080 1213 Rhenum
1101 1176 1214 1224 virqas
1243 1180 1274 1212 et
1301 1187 1432 1212 secures
1451 1180 1482 1211 et
1498 1180 1610 1223 toqam
1636 1175 1791 1212 viderint.
1819 1174 1898 1211 aliis
1913 1175 2075 1223 ‘gentibus
2100 1175 2294 1223 ignorantia
2311 1175 2452 1224 anper-it

168 1245 303 1281 romani
330 1244 506 1290 inexperta
533 1253 603 1283 esse
629 1242 810 1289 supplicia,
844 1241 956 1276 nescia
982 1241 1124 1283 tributa,·
1160 1251 1245 1288 quae
1271 1240 1428 1288 quoniam
1457 1240 1642 1281 exsuerint,
1675 1240 1865 1287 inritusque
1896 1239 2084 1275 discesserit
2108 1239 2169 1275 ille
2193 1240 2283 1276 inter
2308 1240 2452 1276 mitur

169 1308 297 1344 dicatus
323 1305 502 1354 Augustus,
530 1305 589 1342 ille
615 1305 757 1342 delectus
787 1304 947 1346 Tiberius,
974 1316 1016 1340 ne
1042 1304 1237 1351 imperitum
1264 1303 1546 1340 adulescentulum
1573 1315 1614 1339 ne
1640 1303 1836 1339 seditiosum
1863 1303 2047 1339 exercitum
2070 1307 2240 1350 paverent.

358 1367 602 1405 Sacerdotium
631 1366 823 1404 hominu
836 1379 871 1403 m
899 1378 973 1403 non
1001 1372 1057 1403 est
1078 1366 1177 1417 quod
1202 1370 1366 1403 mutetur.
1395 1377 1477 1402 nam
1497 1377 1578 1402 cum
1598 1364 1738 1401 Tacitus
1764 1364 1873 1402 altero
1894 1376 2039 1415 quoque
2057 1364 2139 1402 loco
2159 1365 2273 1402 duces
2291 1364 2449 1403 hostium

169 1445 296 1483 magna
324 1433 379 1469 sui
404 1432 568 1481 jactantia
588 1431 786 1480 acerbaque
810 1430 1052 1467 Romanorum
1075 1430 1238 1467 irrisione
1262 1435 1502 1466 memorantes
1525 1429 1628 1465 faciat
1651 1441 1690 1466 se
1710 1429 1922 1479 profligasse
1943 1429 2045 1466 divos
2068 1429 2147 1466 illos
2166 1428 2281 1466 Julios
2293 1429 2378 1480 Agr.
2395 1429 2446 1467 ¹5

168 1496 226 1542 (cf.
246 1495 312 1533 An.
336 1494 395 1541 12,
420 1495 470 1533 34
494 1495 533 1532 Η.
558 1494 593 1540 4,
620 1494 691 1543 17),
716 1499 839 1531 nostro
859 1493 1064 1539 Arminium,
1093 1494 1185 1531 inter
1211 1493 1355 1531 numina
1384 1492 1537 1530 dicatum
1555 1493 1755 1543 Augustum
1783 1493 1926 1530 inritum
1954 1493 2178 1538 discessisse,
2206 1493 2447 1531 sacerdotium

168 1559 353 1598 hominum
382 1559 507 1597 eadem
537 1571 617 1597 cum
646 1558 864 1596 cavillatione
886 1557 1045 1609 Segestis
1074 1563 1110 1595 et
1136 1556 1346 1608 Segimundi
1375 1557 1507 1594 dictum
1536 1562 1600 1602 est,
1629 1557 1689 1607 qui
1717 1569 1832 1607 usque
1862 1569 1906 1594 eo
1936 1557 2113 1594 servitutis
2140 1557 2380 1608 pervenerint.
2408 1562 2449 1594 ut

170 1623 334 1659 Germani
367 1623 531 1659 homines
566 1623 803 1659 sacerdotium
838 1635 911 1658 non
945 1623 1099 1658 numinis
1134 1622 1318 1670 cujusdam
1353 1622 1488 1657 externi
1524 1622 1588 1657 sed
1616 1621 1769 1657 hominis
1798 1627 1834 1657 et
1861 1622 1940 1669 ejus
1968 1621 2113 1669 quidem
2140 1633 2249 1669 quem
2277 1620 2443 1658 Germani

169 1687 336 1724 vicissent
354 1686 578 1724 sustinerent.
603 1685 783 1735 aptissime
803 1685 907 1735 igitur
927 1685 1093 1723 convenit
1111 1683 1565 1730 sacerdotium-hominum,
1593 1683 1690 1734 quod
1715 1683 1844 1721 eodem
1868 1683 1976 1721 modo
2005 1696 2047 1722 ac
2075 1683 2314 1722 sacerdotium
2336 1684 2449 1730 Jovis,

168 1748 327 1785 Herculis
361 1754 426 1786 cet.
461 1748 593 1785 dictum
627 1753 697 1794 est,
732 1760 812 1785 cum
847 1749 936 1785 victa
970 1749 1055 1799 ripa,
1084 1759 1189 1798 quam
1218 1747 1389 1797 Segestes
1425 1747 1543 1783 colere
1574 1747 1734 1796 jubetur,
1770 1753 1805 1783 et
1833 1759 1915 1783 cum
1944 1747 2003 1782 illo
2033 1748 2123 1783 inter
2151 1748 2296 1783 numina
2324 1748 2442 1784 dicato

168 1815 339 1862 Augusto.

356 1889 400 1927 A.
428 1889 464 1934 4,
481 1889 533 1927 18.
587 1887 675 1927 Nam
702 1888 858 1937 beneficia
885 1900 922 1925 eo
950 1900 1055 1937 usque
1080 1887 1169 1925 laeta
1195 1892 1281 1930 sunt,
1317 1887 1396 1924 dum
1423 1887 1577 1924 videntur
1604 1886 1729 1924 exsolvi
1763 1899 1863 1935 posse
1871 1900 1882 1930 ,·
1919 1888 1973 1924 ubi
2011 1887 2197 1924 multum
2233 1893 2440 1930 antevenere,

168 1963 229 1998 pro
254 1952 368 1999 qratia
395 1952 509 1988 odium
535 1952 694 1988 redditur.

358 2014 558 2050 Dubitatum
578 2020 643 2058 est,
662 2027 747 2050 num
768 2015 944 2050 multum
964 2019 1059 2050 recte
1081 2026 1120 2050 se
1140 2013 1296 2057 haberet,
1324 2026 1344 2049 a
1364 2013 1591 2050 Doederlino.
1611 2020 1645 2049 at
1663 2013 1812 2057 Tacitus,
1833 2026 1905 2062 quo
1929 2020 1985 2050 est
2008 2014 2186 2050 brevitatis
2206 2014 2335 2058 studio,
2357 2026 2447 2050 sen-

169 2076 322 2121 tentiam,
351 2089 419 2126 qua
449 2076 593 2114 multam
614 2077 699 2127 quid
726 2077 839 2115 valeat
863 2077 1063 2121 illustratur,
1092 2075 1326 2127 supplendam
1347 2075 1543 2127 legentium
1564 2076 1688 2114 animis
1708 2076 1860 2126 reliquit.
1891 2082 1946 2114 est
1965 2082 2082 2113 autem
2104 2076 2178 2114 fere
2197 2075 2306 2114 haec:
2329 2077 2448 2122 „denn

170 2139 333 2176 woltaten
365 2141 443 2177 sind
472 2154 540 2177 nur
568 2141 621 2178 bis
650 2154 692 2178 zu
721 2141 803 2178 dem
833 2142 939 2191 grade
969 2140 1186 2186 erwiinscht‚
1221 2153 1262 2177 so
1295 2140 1400 2190 lange
1429 2153 1510 2177 man
1539 2141 1590 2178 sie
1619 2140 1800 2190 vergelten
1829 2153 1872 2177 zu
1900 2140 2067 2178 koennen
2097 2140 2235 2190 glauht:
2269 2140 2360 2178 auch
2390 2142 2448 2179 ein

168 2203 304 2240 kleines
332 2204 412 2253 plus
442 2204 526 2254 geht
554 2204 647 2242 noch
676 2217 720 2242 an
747 2228 808 2250 —,
837 2218 892 2241 wo
922 2206 973 2242 sie
1003 2205 1087 2242 aber
1114 2218 1156 2241 zu
1186 2205 1267 2241 weit
1294 2217 1357 2240 vor
1385 2204 1476 2249 sind,
1505 2204 1549 2241 da
1577 2204 1667 2241 zahlt
1694 2217 1775 2241 man
1804 2205 1867 2240 mit
1894 2203 1978 2241 hass
2007 2210 2088 2240 statt
2115 2205 2178 2240 mit
2205 2204 2330 2241 dank“.

356 2280 400 2317 A.
427 2280 483 2325 12,
499 2280 556 2318 65.
601 2278 647 2317 Ob
671 2281 751 2317 haec
774 2293 864 2317 mors
886 2282 1020 2323 indicta,
1049 2281 1191 2317 multu-m
1213 2281 1408 2316 adversante
1426 2280 1595 2323 Narcisso,
1624 2281 1681 2329 qui
1699 2278 1925 2328 Agrippinam
1943 2281 2051 2328 maqis
2070 2280 2242 2329 magisque
2254 2286 2449 2329 suspectans

165 2344 370 2391 prompsisse
401 2344 490 2380 inter
518 2345 694 2391 proximos
724 2345 895 2393 ferebatur
928 2350 1053 2382 certam
1084 2346 1147 2382 sibi
1179 2345 1411 2392 permiticiem,
1439 2356 1497 2381 seu
1524 2343 1742 2381 Britannicus
1771 2356 1829 2381 seu
1855 2343 1945 2382 Nero
1974 2356 2088 2381 rerum
2113 2349 2304 2392 poteretur,·
2331 2357 2449 2382 verum

169 2407 217 2442 ita
245 2407 284 2443 de
310 2419 346 2443 se
373 2408 528 2444 meritum
557 2407 743 2451 Caesarem,
772 2414 808 2445 ut
834 2410 939 2445 vitam
966 2409 1043 2446 usui
1070 2410 1141 2456 ejus
1168 2409 1381 2456 impenderet.
1417 2409 1669 2445 convictam
1694 2407 1991 2445 Messalinam
2018 2413 2059 2444 et
2087 2406 2275 2451 Silium,
2306 2420 2448 2456 pares

168 2468 334 2506 iterum
362 2472 607 2508 accusandi
635 2484 795 2509 causas
823 2484 936 2515 esse,
971 2473 1010 2509 si
1042 2472 1156 2510 Nero
1190 2473 1489 2520 imperitaret
1515 2471 1792 2508 Britannico
1826 2483 2094 2508 successore
2119 2472 2295 2509 nullum
2319 2474 2447 2521 prin-

168 2532 261 2579 cipi
289 2536 502 2571 meritum.
532 2541 566 2571 at
593 2548 752 2573 novercae
770 2537 904 2573 insidiis
932 2537 1066 2573 domum
1088 2548 1218 2573 omnem
1237 2537 1386 2579 convelli,
1414 2537 1543 2584 majore
1558 2537 1687 2584 flagitio
1708 2548 1807 2585 quam
1830 2537 1861 2572 si
1883 2537 2129 2584 impudicitiam
2145 2538 2275 2584 prioris
2298 2538 2449 2585 conjugis

170 2596 362 2633 reticuisset.
395 2610 597 2647 quamquum
624 2612 666 2637 ne
692 2601 938 2649 impudicitiam
964 2613 1051 2637 nunc
1078 2601 1190 2638 abesse
1215 2600 1368 2637 Pallante
1395 2601 1556 2643 adultero,
1585 2601 1700 2649 nequis
1719 2600 1864 2648 ambigat
1882 2601 1980 2637 decus
1999 2601 2163 2648 pudorem
2185 2612 2306 2648 corpus
2329 2606 2449 2638 cuncta

169 2671 268 2707 regno
296 2661 419 2697 viliora
445 2662 574 2698 habere.

357 2723 417 2760 His
445 2724 480 2761 in
499 2725 626 2771 verbis,
651 2739 742 2777 quae
766 2727 931 2764 omnibus
955 2727 1029 2764 sere
1055 2727 1250 2764 editoribus
1275 2727 1539 2777 corruptissima
1563 2733 1646 2763 sunt
1668 2728 1751 2771 visa,
1781 2727 1948 2776 equidem
1978 2733 2037 2763 aut
2064 2726 2149 2763 nihil
2177 2733 2238 2763 aut
2265 2739 2445 2777 perpauca

168 2787 333 2823 mutanda
362 2800 504 2832 censeo,
534 2791 598 2826 sed
626 2791 726 2827 aliter
754 2792 976 2841 interpretor,
1005 2804 1046 2827 ac
1073 2790 1223 2827 Rothius
1250 2804 1341 2827 vers.
1374 2791 1399 2825 V
1427 2804 1460 2840 p.
1492 2790 1560 2827 111
1595 2797 1630 2827 et
1658 2790 1780 2834 Haase,
1810 2791 1912 2839 cujus
1942 2791 2115 2827 rationem
2144 2803 2188 2827 ex
2216 2791 2445 2829 distinctione

167 2855 302 2887 tantum
331 2851 423 2896 novi,
452 2851 624 2891 fecerunt.
653 2856 769 2891 omnis
798 2856 904 2905 igitur
931 2855 1099 2892 dubitatio
1128 2861 1204 2891 orta
1231 2854 1316 2891 mihi
1344 2855 1482 2891 videtur
1509 2868 1553 2891 ex
1581 2854 1671 2891 male
1696 2854 1883 2891 intellectis
1911 2854 2048 2891 verbis:
2079 2855 2275 2891 convictam
2304 2854 2446 2893 Messa-

168 2912 272 2950 linam
294 2921 330 2951 et
348 2915 482 2960 Silium,
511 2929 614 2966 pares
634 2912 761 2955 iterum
781 2920 970 2955 accusandi
992 2931 1116 2955 causas
1137 2931 1228 2955 esse.
1258 2920 1302 2955 ita
1324 2920 1418 2955 enim
1438 2920 1615 2968 accipiunt
1633 2925 1774 2967 praeter
1793 2918 2057 2962 Doederlinum‚
2087 2925 2125 2954 ut
2144 2919 2188 2955 ad
2208 2920 2446 2957 accusandi

170 2974 349 3025 objectum
378 2979 475 3030 quod
503 2980 630 3019 dicitur
659 2983 816 3033 cogitent
843 2982 1081 3028 Messalinam,
1110 2981 1245 3033 hasque
1276 2983 1491 3021 constituant
1523 2981 1677 3020 Narcissi
1713 2982 1964 3033 cogitationes:
2004 2982 2077 3020 sive
2112 2980 2336 3021 Britannicus
2370 2983 2446 3022 sive

108 3072 111 3074 .
168 3037 261 3075 Nero
282 3040 427 3080 Claudio
449 3046 673 3090 successerit,
697 3058 811 3096 aeque
838 3046 922 3082 mihi
948 3046 1190 3091 metuendum,
1215 3046 1309 3083 salus
1335 3052 1469 3083 tanturn
1490 3059 1534 3083 ex
1554 3045 1688 3083 Claudii
1709 3047 1948 3083 incolumitate
1969 3052 2033 3083 est.
2062 3058 2169 3096 quam
2189 3046 2232 3082 ab
2252 3046 2447 3097 Agrippina

167 3102 202 3138 in
231 3104 428 3151 perieulum
452 3114 610 3145 vocatam
632 3109 834 3146 defendam.
862 3123 931 3146 nec
952 3111 1105 3159 despero
1126 3110 1353 3159 Agrippinam
1375 3123 1484 3160 posse
1505 3111 1625 3154 everti,
1647 3124 1727 3146 cum
1749 3111 1946 3147 eorundem
1968 3110 2062 3146 illam
2084 3111 2271 3147 criminum
2293 3123 2447 3159 quorum

166 3164 388 3204 Messalinam
415 3171 551 3218 possim
579 3173 673 3222 apud
701 3173 897 3224 principem
931 3186 1098 3211 accusare
1132 3173 1338 3211 insidiarum
1366 3179 1402 3211 et
1429 3174 1677 3224 impudicitiae.
1712 3175 1757 3211 ita
1792 3174 1821 3210 si
1855 3173 2116 3223 interpreteriS‚
2150 3174 2257 3211 verba
2287 3174 2318 3211 si
2351 3173 2446 3212 Nero

167 3229 382 3280 imperitaret
408 3231 609 3273 Britannico
639 3249 849 3275 successore
878 3237 1013 3275 nullum
1042 3237 1191 3287 principi
1219 3238 1383 3275 meritum
1412 3243 1495 3275 sunt
1527 3250 1791 3287 supervacanea
1820 3238 1928 3275 immo
1957 3236 2138 3274 intellectu
2168 3243 2300 3281 carent,
2329 3250 2449 3288 neque

166 3293 252 3342 quid
280 3294 346 3332 sihi
374 3295 457 3334 velit
483 3302 518 3334 at
543 3310 718 3338 novercae
746 3301 882 3338 insidiis
910 3301 1098 3352 perspicio.
1147 3307 1182 3339 at
1208 3301 1319 3339 multo
1347 3301 1544 3352 expeditior
1572 3307 1628 3339 est
1660 3301 1778 3346 loeus,
1821 3301 1851 3338 si
1885 3300 2004 3338 verbis
2037 3300 2105 3338 illis
2135 3302 2333 3339 convictam
2362 3331 2370 3338 .

2195 3365 2212 3402 1
