2651 3500
1297 75 1348 116 u

171 203 330 245 silens
356 217 512 258 eoque
539 205 658 245 minua
683 204 803 257 agnita
829 216 942 245 unum
967 210 1090 244 tamen
1117 203 1247 263 vulnus
1274 203 1424 243 himero
1451 205 1610 257 excepit.
1651 216 1721 244 nec
1746 205 1825 244 seio
1851 217 1897 244 an
1923 205 2121 257 comparari
2149 205 2264 258 possit
2288 205 2329 244 A.
2356 205 2458 254 ⁴,25

170 266 341 309 blancus
366 268 472 308 nn'les
497 269 670 308 memoria
697 268 861 308 laborum
887 275 928 308 et
952 268 1205 308 adversum
1231 268 1488 308 eludentes
1515 274 1655 321 optatae
1683 269 1815 308 totiens
1841 281 1984 321 pugnae
2011 281 2054 308 se
2080 269 2234 321 quisque
2261 269 2396 310 ultione
2423 277 2460 310 et

171 333 350 384 sanguine
377 330 569 383 explebam
594 354 646 362 —
674 344 794 383 gegen
820 331 918 371 lente
945 331 1084 371 welche
1111 332 1170 370 die
1198 331 1378 382 verfolger
1403 345 1484 371 zum
1511 332 1639 371 beaten
1665 345 1710 370 zu
1737 331 1855 370 halten
1883 332 1939 383 pf
1942 332 2118 384 legten.
2139 332 2164 382 ¹)

262 433 263 437 ,
364 394 403 435 ln
438 395 558 435 verbis
594 408 686 448 quae
724 400 926 447 sequuntur
962 396 1058 448 gravi
1096 395 1297 447 corruptela
1332 394 1483 434 adflictis
1519 407 1564 434 ex
1599 394 1718 434 verbis
1755 407 1820 434 sua
1847 395 2110 435 defensantium
2138 396 2173 435 id
2201 401 2336 436 tantum
2363 402 2459 448 patet

170 458 283 499 latere
320 459 501 512 quandam
537 459 740 512 rapinarum
776 464 813 498 et
848 459 1120 512 praedationum
1156 459 1200 497 ab
1236 458 1366 510 Usipiis
1403 458 1635 497 factitatarum
1673 459 1979 511 significationem.
2040 472 2150 511 quare
2186 473 2305 512 neque
2342 461 2457 499 Wexii

171 535 294 575 neque
320 523 440 563 Rothii
469 525 625 563 rationes
652 523 858 575 probandae
886 529 979 562 sunt.
1036 523 1240 574 conjectura
1273 530 1391 562 autem
1419 522 1612 562 Eeksteinii
1639 536 1660 562 a
1686 523 1816 562 Kritzio
1835 515 1988 575 'recepta
2015 537 2098 562 mox
2124 524 2168 563 ad
2196 538 2324 577 aquam
2352 532 2456 577 atque

171 587 315 626 utilia
356 588 542 639 rapturi
585 589 737 637 (se)cum
784 587 965 639 plerisque
1004 586 1252 627 Britannorum
1298 599 1362 625 sua
1408 586 1670 626 defensantium
1717 587 1853 639 proelio
1891 588 2078 639 congressi
2114 593 2302 640 propterea
2340 591 2456 629 minus

103 700 106 704 ⁴
170 651 312 704 placet,
349 651 448 703 quod
484 651 538 690 ad
574 652 792 703 praepositio
829 663 902 689 non
940 652 1045 689 etiam
1081 651 1126 688 ad
1162 651 1257 688 utilia
1293 652 1457 702 pertinet.
1512 651 1597 689 mihi
1633 651 1778 702 quidem
1815 652 1970 702 genuina
2003 653 2176 703 scriptura
2204 652 2293 691 haec
2320 655 2457 692 videtur

169 727 277 754 esse:
306 728 389 753 mox
417 716 462 753 ad
489 728 618 766 aquam
646 722 752 766 atque
782 715 1014 754 utensilia
1034 715 1059 764 ')
1094 720 1356 765 raptusque
1386 728 1467 753 cum
1495 715 1675 766 plerisque
1704 715 1901 766 congressi.
1928 715 1973 754 ad
2001 717 2216 767 praepositio
2246 729 2290 755 eo
2321 718 2456 756 facilius

169 779 218 818 ad
258 778 424 818 utensilia
466 785 659 832 raptusque
702 779 873 831 pertinet,
920 778 1019 831 quod
1063 784 1102 817 ut
1146 778 1223 816 aliis
1268 778 1357 817 locis
1399 778 1517 831 paullo
1561 778 1684 817 latiore
1727 791 1837 818 sensu
1880 779 1955 819 fere
1998 779 2093 818 idem
2139 780 2231 819 valet
2272 787 2377 833 atque
2422 783 2456 820 in

169 856 203 882 e.
242 844 310 882 abl.
347 844 429 882 vide
466 843 671 882 Boetticher
707 844 774 881 lex.
812 850 877 881 tac.
913 857 946 894 p.
975 842 1036 881 20.
1093 849 1252 881 ceterum
1290 843 1451 881 utensilia
1490 850 1683 894 raptusque
1720 856 1785 895 per
1811 841 1849 882 ἓν
1875 842 1940 881 διαὶ
1969 846 2070 881 δυοῖν
2105 845 2185 895 ejus
2223 846 2365 896 generis
2402 853 2457 884 cst

168 906 323 952 dictum,
351 913 391 945 ut
416 907 516 957 prius
544 907 802 944 substantivum
832 907 985 958 genetivi
1015 919 1098 944 casu
1127 906 1209 944 addi
1238 906 1387 945 deberet
1414 913 1558 957 postero
1586 906 1630 944 ad
1659 913 1796 957 raptum
1823 907 2039 952 utensilium,
2067 908 2146 946 vide
2175 907 2282 959 Papst
2309 909 2455 960 eclogae

169 970 264 1009 tacit.
293 983 327 1022 p.
357 969 445 1009 319.

363 1034 511 1073 Restant
537 1033 664 1072 verba:
694 1040 793 1085 atque
819 1035 1032 1072 circumvecti
1058 1033 1275 1072 Britanniam
1304 1035 1437 1072 amissis
1467 1046 1530 1084 per
1564 1035 1733 1072 inscitiam
1769 1036 1904 1085 regendi
1940 1036 2099 1079 navibus,
2133 1048 2197 1086 pro
2232 1037 2455 1086 praedonibus

168 1100 288 1142 habiti,
314 1101 467 1148 primum
494 1111 516 1135 a
542 1097 664 1136 Suebis
690 1110 771 1135 mox
798 1111 819 1134 α
845 1098 969 1135 Frisiis
995 1099 1172 1145 intercepti
1199 1104 1286 1135 sunt.
1342 1099 1463 1135 dicunt
1498 1099 1594 1135 enim
1623 1099 1770 1136 Wexius
1809 1105 1845 1136 et
1872 1099 2022 1136 Kritzius
2049 1098 2191 1148 Usipios
2225 1100 2455 1137 meridionalc

171 1161 373 1201 Britanniae
401 1162 492 1200 latus
520 1174 602 1200 esse
632 1162 908 1206 circumvectos,
937 1161 1170 1212 Dionemque,
1212 1162 1271 1212 qui
1301 1160 1370 1206 66,
1407 1160 1459 1200 20
1495 1158 1727 1200 meridionale
1764 1163 1941 1208 nominat,
1978 1162 2207 1214 incompertis
2245 1163 2289 1201 de
2318 1163 2383 1201 ista
2417 1176 2454 1200 re

170 1227 376 1265 rumoribus
404 1226 512 1263 fidem
541 1225 720 1263 habuisse.
769 1225 835 1263 sed
864 1238 945 1262 cum
974 1225 1069 1262 nulla
1097 1226 1352 1276 proposuerint
1378 1232 1595 1276 argumenta,
1631 1226 1740 1263 Taciti
1768 1226 1875 1264 verba
1903 1226 1979 1277 ipsa
2007 1234 2091 1264 sunt
2117 1227 2321 1277 premenda.
2351 1233 2455 1277 atque

170 1290 336 1341 primum,
361 1302 442 1327 cum
462 1288 571 1340 Usipii
596 1295 696 1327 sexto
715 1288 902 1339 Agricolae
928 1288 1033 1338 legati
1052 1301 1146 1326 anno
1167 1287 1381 1326 Britanniam
1405 1294 1528 1327 essent
1550 1290 1787 1334 circumvecti,
1817 1288 1903 1327 nihil
1932 1289 2077 1327 omnino
2107 1289 2237 1335 offecit,
2266 1291 2455 1340 quominus

169 1365 237 1404 per
274 1354 525 1403 insequentem
562 1352 718 1390 hiemem
757 1353 981 1389 commerciis
1018 1351 1061 1389 ad
1098 1352 1210 1402 ripam
1239 1351 1353 1389 Rheni
1390 1352 1709 1396 venumdarentur,
1746 1352 1902 1403 indeque
1942 1365 2015 1390 non
2043 1353 2089 1390 ita
2117 1352 2227 1390 multo
2256 1358 2339 1404 post
2365 1353 2456 1391 fama

170 1417 208 1455 in
237 1416 452 1455 Britanniam
481 1416 693 1467 perveniret.
734 1415 770 1453 id
798 1427 817 1453 3
844 1414 953 1453 Ta'citi
986 1422 1187 1467 temporum
1216 1416 1480 1467 computatione
1508 1428 1581 1454 non
1609 1415 1801 1455 abhorrere
1829 1422 2039 1468 argumento
2068 1422 2141 1462 est,
2179 1417 2277 1468 quod
2312 1424 2456 1468 postero

169 1491 266 1518 anno
292 1480 398 1518 etiam
417 1478 608 1531 Calgacum
628 1478 830 1529 Usipiorum
858 1479 1078 1516 mentionem
1107 1479 1191 1516 facit
1218 1479 1435 1529 injicientem
1464 1492 1493 1516 c.
1515 1479 1565 1517 52
1585 1480 1779 1530 Tamquam
1807 1493 1921 1530 nuper
1949 1479 2059 1530 Usipii
2087 1480 2317 1530 reliquerunt.
2346 1492 2454 1530 quare

171 1543 250 1583 fieri
278 1544 412 1596 potuit,
442 1549 480 1582 ut
507 1543 605 1595 quod
633 1543 698 1581 Dio
727 1542 832 1581 tradit
868 1542 1032 1594 Agricola
1060 1541 1261 1594 Usipiorum
1299 1554 1384 1581 casu
1416 1549 1601 1595 permotus
1635 1543 1785 1582 insulam
1809 1544 1954 1595 juberet
1981 1543 2206 1581 circumvehi.
2262 1543 2391 1582 deinde
2427 1545 2455 1581 si

170 1607 282 1658 Usipii
315 1607 547 1645 meridionale
585 1607 784 1644 Britanniae
828 1606 919 1643 latus
958 1613 1041 1643 sunt
1078 1607 1320 1651 circumvecti,
1358 1607 1574 1644 offendimur
1609 1607 1727 1645 verbis
1765 1608 1895 1645 cohors
1933 1608 2134 1658 Usipiorum
2172 1593 2310 1657 magri
2316 1621 2384 1644 um
2422 1614 2457 1644 et

172 1670 487 1710 memorabile
507 1671 645 1709 facinus
673 1683 758 1708 ausa
787 1677 851 1708 est.
882 1670 968 1720 quid
996 1671 1091 1708 enim
1120 1670 1211 1708 adeo
1239 1683 1408 1721 magnum
1437 1671 1729 1709 et-memorabile
1757 1677 1813 1709 est
1845 1677 1930 1709 noto
1959 1671 2046 1709 mari
2074 1670 2265 1722 navigare?
2300 1669 2454 1720 denique

172 1735 206 1774 si
240 1734 428 1774 meridiem
455 1747 583 1773 versus
612 1746 756 1772 cursum
784 1733 973 1779 tenebant,
1010 1746 1162 1772 necesse
1201 1739 1286 1780 erat,
1323 1738 1363 1772 ut
1398 1747 1470 1772 non
1505 1733 1621 1773 solum
1650 1747 1730 1773 cum
1760 1734 1937 1773 Britannis
1966 1735 2110 1786 proeliis
2140 1734 2455 1786 congrederentur,

171 1800 239 1837 sed
263 1800 369 1837 etiam
394 1810 413 1835 a
436 1798 618 1842 Romanis,
647 1799 706 1848 qui
736 1810 797 1835 eas
826 1799 994 1848 regiones
1023 1798 1238 1842 obtinebant,
1268 1799 1513 1848 aspicerentur
1540 1812 1580 1836 ac
1608 1799 1820 1848 praedantes
1848 1806 1908 1836 aut
1935 1800 2070 1849 proelio
2099 1800 2371 1849 profligarentur
2399 1805 2455 1835 aut

175 1870 399 1913 caperentur.
456 1875 528 1912 quo
575 1863 667 1899 facto
714 1875 787 1899 non
831 1862 935 1899 video
973 1875 1037 1899 cur
1074 1862 1166 1899 fama
1204 1862 1348 1900 demum
1385 1863 1429 1900 ad
1466 1862 1630 1900 Rhenum
1667 1863 1961 1900 venumdatorum
1989 1863 2034 1901 de
2063 1863 2130 1900 hac
2167 1876 2205 1900 re
2235 1862 2384 1900 edoctus
2413 1862 2455 1900 sit

170 1926 349 1978 Agricola.
405 1932 594 1977 propterea
638 1938 710 1963 non
749 1926 794 1963 ita
832 1924 978 1962 ridicula
1016 1925 1155 1963 videtur
1191 1938 1315 1963 eorum
1355 1925 1548 1971 sententia,
1585 1926 1646 1977 qui
1683 1925 1824 1977 Usipios
1862 1925 2072 1964 occidentali
2109 1925 2307 1964 Britanniae
2346 1925 2454 1963 latere

173 1991 365 2029 tendentes
394 1994 504 2038 (recte
533 1990 664 2039 opinati
694 2001 775 2027 esse
805 1990 828 2026 ii
856 1990 919 2026 viri
948 1989 1043 2026 docti
1071 1989 1253 2034 videntur,
1291 1990 1351 2039 qui
1380 1989 1458 2026 illos
1487 1990 1522 2026 in
1552 1990 1593 2026 iis
1629 1991 1741 2039 copiis
1780 1990 1890 2027 fuisse
1918 1997 2100 2040 putarent,
2138 1990 2266 2040 quibus
2294 1990 2455 2040 Agricola

172 2067 254 2093 eam
281 2060 416 2105 partem
445 2053 664 2098 Britanniae,
695 2065 785 2103 quae
815 2052 1016 2090 Hiberniam
1044 2053 1185 2102 aspicit,
1214 2052 1413 2100 firmasset),
1442 2053 1645 2103 profugisse
1662 2082 1671 2097 ,
1700 2059 1736 2090 et
1763 2053 2050 2103 septemtrionale
2079 2054 2169 2091 latus
2198 2055 2455 2091 circumvectos

172 2117 218 2156 ad
246 2118 415 2169 regiones
444 2117 536 2155 inter
563 2116 678 2154 Albim
707 2122 742 2154 et
770 2115 934 2154 Rhenum
964 2117 1047 2154 sitas
1076 2116 1283 2166 pervenisse
1313 2116 1431 2167 ibique
1461 2129 1479 2154 a
1508 2114 1691 2154 Germanis
1720 2129 1802 2154 esse
1832 2116 2047 2167 interceptos
2076 2123 2250 2168 putarunt.

366 2226 457 2275 Agr.
484 2225 547 2264 80.
600 2225 671 2263 Nos
707 2230 876 2261 terrarum
913 2237 952 2261 ac
987 2225 1151 2261 libertatis
1187 2230 1352 2261 extremos
1389 2237 1536 2261 recessus
1573 2226 1645 2272 ipse
1680 2237 1719 2261 ac
1754 2226 1847 2262 sinas
1872 2226 1985 2272 famae
2011 2226 2047 2262 in
2074 2226 2161 2262 hunc
2188 2226 2276 2262 diem
2303 2226 2455 2273 defendit.

171 2303 261 2328 nunc
277 2290 441 2328 terminas
459 2288 662 2327 Britanniae
685 2294 788 2337 putet,
817 2294 953 2338 atque
980 2300 1104 2326 omne
1131 2289 1334 2337 ignotum
1360 2301 1440 2337 pro
1468 2290 1719 2338 niaynifico
1748 2294 1822 2326 est.
1850 2289 1909 2326 sed
1933 2289 2027 2327 nulla
2046 2290 2122 2336 jam
2149 2289 2240 2327 ultra
2263 2301 2345 2338 qens
2372 2289 2457 2326 nihil

171 2354 241 2393 nisi
264 2353 386 2402 fluctus
414 2358 445 2390 et
471 2364 557 2390 saxa
585 2358 616 2390 et
643 2352 832 2401 infestiores
858 2351 1012 2391 Romani.

366 2427 546 2471 Rationes,
575 2426 705 2476 quibus
724 2427 872 2463 Wexius
897 2432 933 2463 et
955 2426 1103 2463 Kritzius
1132 2427 1350 2463 enuntiatum
1381 2433 1485 2476 atque
1515 2439 1620 2463 omne
1650 2427 1809 2476 ignotum
1839 2439 1902 2476 pro
1932 2427 2121 2476 magnifico
2151 2435 2206 2463 est
2233 2427 2323 2462 tueri
2351 2432 2454 2475 atquc

171 2492 350 2542 explicare
388 2497 586 2534 tentarunt,
625 2492 669 2527 ita
707 2490 870 2528 refutavit
897 2489 1169 2527 Schoemannus
1197 2490 1218 2527 l.
1248 2490 1269 2527 l.
1298 2503 1331 2540 p.
1363 2489 1411 2527 14
1440 2503 1495 2534 ss,
1535 2498 1572 2528 ut
1608 2490 1693 2528 nihil
1729 2490 1811 2528 addi
1848 2491 1893 2528 sit
1928 2503 2090 2528 necesse.
2147 2490 2211 2528 sed
2245 2503 2351 2539 quam
2380 2490 2454 2540 ipse

173 2555 302 2607 probat
328 2554 642 2605 transpositionem
670 2553 811 2592 illorum
840 2553 1029 2591 verborum
1058 2559 1139 2591 ante
1168 2566 1264 2591 nunc
1292 2554 1475 2599 terminus,
1504 2566 1583 2591 cam
1611 2553 1733 2592 dubito
1761 2554 1911 2605 probare
1941 2559 2085 2605 propter
2113 2553 2314 2591 violentiam
2338 2553 2455 2591 talium

171 2619 433 2664 remediorum,
473 2631 579 2669 quam
608 2618 669 2655 diu
698 2618 800 2655 aliam
829 2618 1083 2668 interpretandi
1111 2619 1202 2654 viam
1231 2630 1339 2668 possc
1369 2618 1570 2669 investigari
1599 2618 1752 2655 confido.
1808 2624 1844 2656 ct
1870 2619 1995 2656 videor
2023 2618 2108 2656 mihi
2137 2618 2246 2655 multo
2285 2618 2454 2655 leniorem

172 2683 392 2720 medicinam
412 2683 481 2719 loci
502 2683 657 2731 corrupti
687 2682 864 2731 reperisse
894 2682 1074 2719 scribens:
1106 2694 1172 2718 nos
1202 2688 1372 2719 terrarum
1402 2695 1442 2718 ac
1471 2682 1639 2719 libertatis
1671 2689 1849 2719 extremos
1879 2695 2045 2719 recessus
2065 2683 2141 2731 ipse
2163 2695 2204 2718 ae
2225 2682 2323 2719 sinus
2344 2683 2455 2718 famae

170 2747 212 2784 in
240 2746 339 2784 hunc
367 2746 463 2784 diem
491 2746 670 2784 defendit:
710 2758 805 2783 nunc
834 2746 1006 2783 terminus
1034 2744 1233 2782 Britanniae
1263 2751 1381 2795 patet;
1420 2752 1524 2795 atque
1550 2745 1639 2795 jam
1669 2758 1758 2782 non
1789 2746 1947 2796 ignotum
1976 2759 2041 2796 pro
2071 2744 2258 2795 magnifico
2288 2751 2352 2789 est,
2392 2744 2455 2781 sed

173 2810 269 2850 nulla
299 2810 388 2849 ultra
417 2822 516 2862 gens.
547 2816 612 2848 cet.
643 2831 694 2838 -—
722 2822 790 2848 uns
828 2809 886 2848 die
924 2808 1119 2848 bewohner
1152 2809 1217 2847 des
1251 2814 1456 2847 ‘aussersten
1491 2809 1703 2848 erdwinkels
1738 2810 1809 2848 und
1839 2810 1896 2848 die
1924 2810 2054 2848 letzten
2084 2810 2196 2847 freien
2226 2814 2372 2847 manner
2399 2807 2458 2844 hat

172 2874 230 2912 his
256 2875 342 2925 jetzt
369 2887 501 2913 unsere
530 2874 747 2924 entfernung
775 2874 849 2911 und
883 2874 947 2911 der
976 2873 1097 2911 schutz
1126 2886 1276 2911 unseres
1305 2873 1451 2910 ruhmes
1479 2873 1709 2924 vertheidigt:
1744 2874 1829 2923 jetzt
1866 2873 1961 2911 steht
1987 2873 2190 2911 Britannien
2224 2874 2278 2910 bis
2308 2885 2351 2909 an
2380 2873 2456 2908 scin

173 2939 270 2978 ende
300 2939 417 2985 offen;
447 2939 521 2977 und
548 2938 647 2977 nicht
674 2938 776 2977 mehr
804 2939 849 2976 ist
877 2938 940 2976 das
970 2938 1196 2976 unbekannte
1226 2951 1329 2989 gross
1358 2938 1431 2976 und
1460 2937 1658 2984 furchtbar,
1697 2938 1855 2992 sondern
1892 2937 2004 2976 sehon
2042 2939 2088 2976 ist
2124 2938 2206 2976 kein
2243 2936 2324 2974 volk
2358 2936 2456 2974 melif-

171 3003 296 3054 ubi-ig,
325 3003 441 3041 nichts
469 3004 520 3040 als
548 3015 683 3040 wasser
711 3002 784 3040 und
812 3002 957 3052 klippen
988 3002 1060 3039 und
1089 3002 1146 3040 die
1175 3002 1268 3039 noch
1298 3015 1471 3052 aergeren
1502 3015 1649 3040 roemer.
1707 3003 1749 3039 ita
1790 3003 1975 3040 constituta
2012 3003 2143 3040 liabent
2176 3001 2316 3038 tandem
2352 3001 2456 3037 verba

321 3172 341 3214 ¹)
365 3172 504 3204 Ceterum
528 3172 636 3204 fallitur
658 3172 855 3214 Nipperdeius
878 3172 1102 3214 interpretatus:
1126 3173 1269 3205 memoria
1292 3173 1427 3205 laborum
1451 3179 1481 3206 et
1503 3184 1608 3206 eorum
1632 3174 1750 3216 quidem
1774 3175 1932 3206 adversum
1957 3173 2121 3206 eludentes.
2168 3174 2276 3204 etenim
2301 3173 2456 3205 adversum

367 3227 527 3257 eludentes
550 3226 716 3267 respondet
737 3227 838 3257 verbis
860 3226 995 3257 infensus
1018 3220 1161 3258 memdria
1184 3227 1335 3264 laborum,
1366 3228 1404 3258 ita
1434 3233 1466 3258 ut
1488 3238 1596 3259 sensus
1620 3229 1764 3259 efliciatui·
1793 3229 1871 3258 idem
1901 3239 1935 3259 ac
1966 3228 1990 3259 si
2022 3228 2164 3269 scriptum
2196 3232 2292 3258 esset:
2325 3227 2458 3257 infensus

366 3280 511 3312 memoria
533 3280 669 3311 laborum
692 3283 730 3311 et
752 3279 960 3312 adversum
983 3280 1197 3312 eludentes
1220 3281 1450 3312 collocatus
1473 3286 1590 3322 optatae
1614 3286 1668 3313 cet.

317 3332 342 3374 ²)
363 3333 432 3365 vide
454 3333 593 3375 Nipperd.
616 3336 648 3365 Α.
672 3334 701 3370 1,
721 3333 768 3365 70.
