<?xml version="1.0" encoding="UTF-8"?>
<!DOCTYPE html PUBLIC "-//W3C//DTD XHTML 1.0 Transitional//EN"
    "http://www.w3.org/TR/xhtml1/DTD/xhtml1-transitional.dtd">
<html xmlns="http://www.w3.org/1999/xhtml" xml:lang="en" lang="en">
 <head>
  <title>
</title>
<meta http-equiv="Content-Type" content="text/html;charset=utf-8" />
  <meta name='ocr-system' content='tesseract 3.04.00' />
  <meta name='ocr-capabilities' content='ocr_page ocr_carea ocr_par ocr_line ocrx_word'/>
</head>
<body>
  <div class='ocr_page' id='page_1' title='image "4768532_0011.png"; bbox 0 0 2651 3500; ppageno 0'>
   <div class='ocr_carea' id='block_1_1' title="bbox 0 0 2651 280">
    <p class='ocr_par' dir='ltr' id='par_1_1' title="bbox 0 0 2651 280">
     <span class='ocr_line' id='line_1_1' title="bbox 0 0 2651 280; baseline 0 0"><span class='ocrx_word' id='word_1_1' title='bbox 0 0 2651 280; x_wconf 95' lang='lat' dir='ltr'>  </span> <span class='ocrx_word' id='word_1_2' title='bbox 2245 209 2651 280; x_wconf 95' lang='lat' dir='ltr'> </span> 
     </span>
    </p>
   </div>
   <div class='ocr_carea' id='block_1_2' title="bbox 164 220 2309 294">
    <p class='ocr_par' dir='ltr' id='par_1_2' title="bbox 164 212 2601 294">
     <span class='ocr_line' id='line_1_2' title="bbox 164 220 2309 294; baseline -0.004 -6"><span class='ocrx_word' id='word_1_3' title='bbox 164 249 227 288; x_wconf 65' lang='lat' dir='ltr'>tue</span> <span class='ocrx_word' id='word_1_4' title='bbox 251 261 297 287; x_wconf 68' lang='grc' dir='ltr'>αι</span> <span class='ocrx_word' id='word_1_5' title='bbox 323 252 443 287; x_wconf 61' lang='lat' dir='ltr'>udor</span> <span class='ocrx_word' id='word_1_6' title='bbox 466 244 713 284; x_wconf 62' lang='lat' dir='ltr'>conatuum</span> <span class='ocrx_word' id='word_1_7' title='bbox 735 243 833 294; x_wconf 64' lang='lat' dir='ltr'>fieret</span> <span class='ocrx_word' id='word_1_8' title='bbox 850 243 884 290; x_wconf 86' lang='lat'>⁸).</span> <span class='ocrx_word' id='word_1_9' title='bbox 912 248 951 281; x_wconf 79' lang='lat' dir='ltr'>ut</span> <span class='ocrx_word' id='word_1_10' title='bbox 975 243 1065 281; x_wconf 69' lang='lat' dir='ltr'>iata·</span> <span class='ocrx_word' id='word_1_11' title='bbox 1086 254 1238 292; x_wconf 72' lang='lat' dir='ltr'>pum</span> <span class='ocrx_word' id='word_1_12' title='bbox 1240 243 1273 282; x_wconf 72' lang='lat' dir='ltr'>eu·</span> <span class='ocrx_word' id='word_1_13' title='bbox 1289 243 1473 281; x_wconf 63' lang='lat' dir='ltr'>mutia</span> <span class='ocrx_word' id='word_1_14' title='bbox 1489 242 1667 287; x_wconf 68' lang='lat' dir='ltr'>adnm,-</span> <span class='ocrx_word' id='word_1_15' title='bbox 1692 242 1891 293; x_wconf 64' lang='lat' dir='ltr'>quib-adm</span> <span class='ocrx_word' id='word_1_16' title='bbox 1911 220 2272 282; x_wconf 47' lang='lat' dir='ltr'>afflabunt-o*</span> <span class='ocrx_word' id='word_1_17' title='bbox 2297 232 2309 250; x_wconf 68' lang='lat'><strong>²</strong></span> 
     </span>
    </p>
   </div>
   <div class='ocr_carea' id='block_1_3' title="bbox 119 294 2511 932">
    <p class='ocr_par' dir='ltr' id='par_1_3' title="bbox 119 294 2511 932">
     <span class='ocr_line' id='line_1_3' title="bbox 164 294 2494 361; baseline -0.003 -11"><span class='ocrx_word' id='word_1_18' title='bbox 164 312 252 350; x_wconf 69' lang='lat' dir='ltr'>tima</span> <span class='ocrx_word' id='word_1_19' title='bbox 278 324 316 350; x_wconf 82' lang='lat' dir='ltr'>eo</span> <span class='ocrx_word' id='word_1_20' title='bbox 340 309 540 361; x_wconf 55' lang='lat' dir='ltr'>pronepote</span> <span class='ocrx_word' id='word_1_21' title='bbox 562 307 792 356; x_wconf 64' lang='lat' dir='ltr'>fremeouibut,</span> <span class='ocrx_word' id='word_1_22' title='bbox 819 311 862 343; x_wconf 75' lang='lat' dir='ltr'>ut</span> <span class='ocrx_word' id='word_1_23' title='bbox 887 306 1027 352; x_wconf 67' lang='lat' dir='ltr'>nec-⁴),</span> <span class='ocrx_word' id='word_1_24' title='bbox 1055 317 1101 343; x_wconf 77' lang='lat' dir='ltr'>an</span> <span class='ocrx_word' id='word_1_25' title='bbox 1126 316 1231 355; x_wconf 77' lang='lat' dir='ltr'>aequo</span> <span class='ocrx_word' id='word_1_26' title='bbox 1258 317 1335 343; x_wconf 76' lang='lat' dir='ltr'>cum</span> <span class='ocrx_word' id='word_1_27' title='bbox 1356 307 1613 354; x_wconf 67' lang='lat' dir='ltr'>patronicjure</span> <span class='ocrx_word' id='word_1_28' title='bbox 1639 311 1784 355; x_wconf 66' lang='lat' dir='ltr'>aym.</span> <span class='ocrx_word' id='word_1_29' title='bbox 1811 306 2012 343; x_wconf 62' lang='lat' dir='ltr'>nmmum</span> <span class='ocrx_word' id='word_1_30' title='bbox 2033 294 2346 355; x_wconf 57' lang='lat' dir='ltr'>praetore-7</span> <span class='ocrx_word' id='word_1_31' title='bbox 2370 308 2452 343; x_wconf 63' lang='lat' dir='ltr'>ob·</span> <span class='ocrx_word' id='word_1_32' title='bbox 2492 298 2494 300; x_wconf 50' lang='grc'>’</span> 
     </span>
     <span class='ocr_line' id='line_1_4' title="bbox 165 366 2454 421; baseline -0.001 -9"><span class='ocrx_word' id='word_1_33' title='bbox 165 377 340 419; x_wconf 60' lang='lat' dir='ltr'>maurae,</span> <span class='ocrx_word' id='word_1_34' title='bbox 367 385 409 412; x_wconf 81' lang='lat' dir='ltr'>ae</span> <span class='ocrx_word' id='word_1_35' title='bbox 433 371 625 410; x_wconf 69' lang='lat' dir='ltr'>verberibus</span> <span class='ocrx_word' id='word_1_36' title='bbox 650 380 771 410; x_wconf 71' lang='lat' dir='ltr'>manus</span> <span class='ocrx_word' id='word_1_37' title='bbox 797 370 887 408; x_wconf 74' lang='lat' dir='ltr'>ultro</span> <span class='ocrx_word' id='word_1_38' title='bbox 914 370 1131 414; x_wconf 58' lang='lat' dir='ltr'>immanem,</span> <span class='ocrx_word' id='word_1_39' title='bbox 1167 370 1345 419; x_wconf 77' lang='lat' dir='ltr'>impune</span> <span class='ocrx_word' id='word_1_40' title='bbox 1363 368 1475 418; x_wconf 61' lang='lat' dir='ltr'>‘fad</span> <span class='ocrx_word' id='word_1_41' title='bbox 1506 381 1652 419; x_wconf 70' lang='lat' dir='ltr'>pomam</span> <span class='ocrx_word' id='word_1_42' title='bbox 1686 381 1785 408; x_wconf 72' lang='lat' dir='ltr'>mam</span> <span class='ocrx_word' id='word_1_43' title='bbox 1819 369 2057 409; x_wconf 63' lang='lat' dir='ltr'>dicundum</span> <span class='ocrx_word' id='word_1_44' title='bbox 2111 366 2196 421; x_wconf 69' lang='lat' dir='ltr'>quid</span> <span class='ocrx_word' id='word_1_45' title='bbox 2217 369 2321 409; x_wconf 58' lang='lat' dir='ltr'>&#39;ab</span> <span class='ocrx_word' id='word_1_46' title='bbox 2354 368 2454 409; x_wconf 61' lang='lat' dir='ltr'><em>M</em></span> 
     </span>
     <span class='ocr_line' id='line_1_5' title="bbox 149 424 2454 488; baseline -0.003 -11"><span class='ocrx_word' id='word_1_47' title='bbox 149 443 258 480; x_wconf 64' lang='lat' dir='ltr'>Meso</span> <span class='ocrx_word' id='word_1_48' title='bbox 281 443 427 488; x_wconf 79' lang='lat' dir='ltr'>patrona</span> <span class='ocrx_word' id='word_1_49' title='bbox 453 445 654 477; x_wconf 67' lang='lat' dir='ltr'>concam,</span> <span class='ocrx_word' id='word_1_50' title='bbox 696 445 797 484; x_wconf 80' lang='lat' dir='ltr'>quam</span> <span class='ocrx_word' id='word_1_51' title='bbox 823 439 861 471; x_wconf 73' lang='lat' dir='ltr'>ut</span> <span class='ocrx_word' id='word_1_52' title='bbox 886 434 1081 471; x_wconf 64' lang='lat' dir='ltr'>vice-simun</span> <span class='ocrx_word' id='word_1_53' title='bbox 1107 434 1199 472; x_wconf 74' lang='lat' dir='ltr'>ultra</span> <span class='ocrx_word' id='word_1_54' title='bbox 1223 434 1372 482; x_wconf 79' lang='lat' dir='ltr'><strong><em>lapidem</em></strong></span> <span class='ocrx_word' id='word_1_55' title='bbox 1397 435 1435 471; x_wconf 79' lang='lat' dir='ltr'>in</span> <span class='ocrx_word' id='word_1_56' title='bbox 1468 446 1564 471; x_wconf 83' lang='lat' dir='ltr'>oram</span> <span class='ocrx_word' id='word_1_57' title='bbox 1592 429 2171 484; x_wconf 56' lang='lat' dir='ltr'>Cmnpaniaestibertun&#39;rdqae?</span> <span class='ocrx_word' id='word_1_58' title='bbox 2209 445 2303 484; x_wconf 73' lang='lat' dir='ltr'>quae</span> <span class='ocrx_word' id='word_1_59' title='bbox 2333 424 2454 472; x_wconf 60' lang='lat' dir='ltr'>mafi-</span> 
     </span>
     <span class='ocr_line' id='line_1_6' title="bbox 167 496 2451 555; baseline -0.002 -15"><span class='ocrx_word' id='word_1_60' title='bbox 167 516 261 543; x_wconf 84' lang='lat' dir='ltr'>mam</span> <span class='ocrx_word' id='word_1_61' title='bbox 288 506 425 553; x_wconf 88' lang='lat' dir='ltr'>partem</span> <span class='ocrx_word' id='word_1_62' title='bbox 451 498 571 537; x_wconf 88' lang='lat' dir='ltr'>Rothii</span> <span class='ocrx_word' id='word_1_63' title='bbox 597 497 716 536; x_wconf 89' lang='lat' dir='ltr'>verbis</span> <span class='ocrx_word' id='word_1_64' title='bbox 744 509 832 535; x_wconf 87' lang='lat' dir='ltr'>usus</span> <span class='ocrx_word' id='word_1_65' title='bbox 860 497 906 535; x_wconf 91' lang='lat' dir='ltr'>ita</span> <span class='ocrx_word' id='word_1_66' title='bbox 932 502 1054 535; x_wconf 86' lang='lat' dir='ltr'>verto:</span> <span class='ocrx_word' id='word_1_67' title='bbox 1091 496 1187 535; x_wconf 87' lang='lat' dir='ltr'>Aber</span> <span class='ocrx_word' id='word_1_68' title='bbox 1219 497 1278 536; x_wconf 88' lang='lat' dir='ltr'>die</span> <span class='ocrx_word' id='word_1_69' title='bbox 1312 497 1464 555; x_wconf 84' lang='lat' dir='ltr'>consulu</span> <span class='ocrx_word' id='word_1_70' title='bbox 1498 502 1638 549; x_wconf 85' lang='lat' dir='ltr'>wagten</span> <span class='ocrx_word' id='word_1_71' title='bbox 1671 496 1770 535; x_wconf 90' lang='lat' dir='ltr'>nicht</span> <span class='ocrx_word' id='word_1_72' title='bbox 1802 510 1843 536; x_wconf 90' lang='lat' dir='ltr'>es</span> <span class='ocrx_word' id='word_1_73' title='bbox 1872 510 1934 535; x_wconf 83' lang='lat' dir='ltr'>zur</span> <span class='ocrx_word' id='word_1_74' title='bbox 1960 497 2205 549; x_wconf 77' lang='lat' dir='ltr'>abstimnung</span> <span class='ocrx_word' id='word_1_75' title='bbox 2226 509 2271 536; x_wconf 82' lang='lat' dir='ltr'>zu</span> <span class='ocrx_word' id='word_1_76' title='bbox 2296 496 2451 549; x_wconf 53' lang='lat' dir='ltr'>brinqoe</span> 
     </span>
     <span class='ocr_line' id='line_1_7' title="bbox 166 560 2450 613; baseline -0.003 -8"><span class='ocrx_word' id='word_1_77' title='bbox 166 567 261 607; x_wconf 87' lang='lat' dir='ltr'>ohne</span> <span class='ocrx_word' id='word_1_78' title='bbox 290 565 422 603; x_wconf 88' lang='lat' dir='ltr'>wissen</span> <span class='ocrx_word' id='word_1_79' title='bbox 450 563 516 602; x_wconf 89' lang='lat' dir='ltr'>des</span> <span class='ocrx_word' id='word_1_80' title='bbox 543 562 696 607; x_wconf 85' lang='lat' dir='ltr'>kaisers,</span> <span class='ocrx_word' id='word_1_81' title='bbox 722 560 856 612; x_wconf 90' lang='lat' dir='ltr'>jedoch</span> <span class='ocrx_word' id='word_1_82' title='bbox 883 560 1004 599; x_wconf 90' lang='lat' dir='ltr'>thaten</span> <span class='ocrx_word' id='word_1_83' title='bbox 1032 561 1084 599; x_wconf 88' lang='lat' dir='ltr'>sie</span> <span class='ocrx_word' id='word_1_84' title='bbox 1113 560 1186 599; x_wconf 88' lang='lat' dir='ltr'>ihm</span> <span class='ocrx_word' id='word_1_85' title='bbox 1214 561 1272 599; x_wconf 86' lang='lat' dir='ltr'>die</span> <span class='ocrx_word' id='word_1_86' title='bbox 1301 562 1539 613; x_wconf 88' lang='lat' dir='ltr'>einstimmige</span> <span class='ocrx_word' id='word_1_87' title='bbox 1558 561 1741 612; x_wconf 75' lang='lat' dir='ltr'>,meinung</span> <span class='ocrx_word' id='word_1_88' title='bbox 1767 561 1833 599; x_wconf 90' lang='lat' dir='ltr'>des</span> <span class='ocrx_word' id='word_1_89' title='bbox 1863 561 2005 600; x_wconf 82' lang='lat' dir='ltr'>senates</span> <span class='ocrx_word' id='word_1_90' title='bbox 2033 575 2077 599; x_wconf 87' lang='lat' dir='ltr'>zu</span> <span class='ocrx_word' id='word_1_91' title='bbox 2103 562 2248 607; x_wconf 68' lang='lat' dir='ltr'>visson,</span> <span class='ocrx_word' id='word_1_92' title='bbox 2276 561 2324 599; x_wconf 90' lang='lat' dir='ltr'>ob</span> <span class='ocrx_word' id='word_1_93' title='bbox 2351 560 2450 600; x_wconf 77' lang='lat' dir='ltr'>deun</span> 
     </span>
     <span class='ocr_line' id='line_1_8' title="bbox 166 624 2451 676; baseline -0.002 -8"><span class='ocrx_word' id='word_1_94' title='bbox 166 629 265 668; x_wconf 85' lang='lat' dir='ltr'>nicht</span> <span class='ocrx_word' id='word_1_95' title='bbox 292 627 471 667; x_wconf 88' lang='lat' dir='ltr'>vielleicht</span> <span class='ocrx_word' id='word_1_96' title='bbox 503 639 558 664; x_wconf 55' lang='lat' dir='ltr'>er&gt;</span> <span class='ocrx_word' id='word_1_97' title='bbox 577 626 659 663; x_wconf 90' lang='lat' dir='ltr'>eine</span> <span class='ocrx_word' id='word_1_98' title='bbox 689 625 920 675; x_wconf 84' lang='lat' dir='ltr'>verordnung</span> <span class='ocrx_word' id='word_1_99' title='bbox 948 624 1065 675; x_wconf 88' lang='lat' dir='ltr'>geben</span> <span class='ocrx_word' id='word_1_100' title='bbox 1092 625 1231 669; x_wconf 88' lang='lat' dir='ltr'>wollte,</span> <span class='ocrx_word' id='word_1_101' title='bbox 1268 625 1313 662; x_wconf 88' lang='lat' dir='ltr'>da</span> <span class='ocrx_word' id='word_1_102' title='bbox 1337 625 1373 675; x_wconf 83' lang='lat' dir='ltr'>ja</span> <span class='ocrx_word' id='word_1_103' title='bbox 1400 630 1469 662; x_wconf 86' lang='lat' dir='ltr'>nur</span> <span class='ocrx_word' id='word_1_104' title='bbox 1495 626 1635 675; x_wconf 84' lang='lat' dir='ltr'>wenige</span> <span class='ocrx_word' id='word_1_105' title='bbox 1664 626 1783 663; x_wconf 79' lang='lat' dir='ltr'>dieser</span> <span class='ocrx_word' id='word_1_106' title='bbox 1810 624 1951 663; x_wconf 88' lang='lat' dir='ltr'>ansicht</span> <span class='ocrx_word' id='word_1_107' title='bbox 1976 631 2157 676; x_wconf 78' lang='lat' dir='ltr'>entgegen</span> <span class='ocrx_word' id='word_1_108' title='bbox 2183 637 2337 664; x_wconf 78' lang='lat' dir='ltr'>waeren.</span> <span class='ocrx_word' id='word_1_109' title='bbox 2390 624 2451 664; x_wconf 78' lang='lat' dir='ltr'>bei</span> 
     </span>
     <span class='ocr_line' id='line_1_9' title="bbox 119 682 2511 744; baseline -0.003 -11"><span class='ocrx_word' id='word_1_110' title='bbox 119 725 121 727; x_wconf 55' lang='grc'><em>»</em></span> <span class='ocrx_word' id='word_1_111' title='bbox 166 695 288 733; x_wconf 83' lang='lat' dir='ltr'>dieser</span> <span class='ocrx_word' id='word_1_112' title='bbox 318 690 548 744; x_wconf 84' lang='lat' dir='ltr'>gelegenheit</span> <span class='ocrx_word' id='word_1_113' title='bbox 575 689 672 728; x_wconf 89' lang='lat' dir='ltr'>denn</span> <span class='ocrx_word' id='word_1_114' title='bbox 699 694 909 727; x_wconf 82' lang='lat' dir='ltr'>aeusserten</span> <span class='ocrx_word' id='word_1_115' title='bbox 936 687 1087 727; x_wconf 86' lang='lat' dir='ltr'>manche</span> <span class='ocrx_word' id='word_1_116' title='bbox 1115 688 1185 726; x_wconf 88' lang='lat' dir='ltr'>voll</span> <span class='ocrx_word' id='word_1_117' title='bbox 1213 689 1431 740; x_wconf 75' lang='lat' dir='ltr'>ingr-immes,</span> <span class='ocrx_word' id='word_1_118' title='bbox 1460 689 1524 727; x_wconf 89' lang='lat' dir='ltr'>das</span> <span class='ocrx_word' id='word_1_119' title='bbox 1551 690 1614 726; x_wconf 87' lang='lat' dir='ltr'>mit</span> <span class='ocrx_word' id='word_1_120' title='bbox 1641 689 1706 727; x_wconf 90' lang='lat' dir='ltr'>der</span> <span class='ocrx_word' id='word_1_121' title='bbox 1733 688 1949 740; x_wconf 82' lang='lat' dir='ltr'>freilassung</span> <span class='ocrx_word' id='word_1_122' title='bbox 1973 688 2201 727; x_wconf 86' lang='lat' dir='ltr'>&#39;unmittelbar</span> <span class='ocrx_word' id='word_1_123' title='bbox 2226 687 2450 728; x_wconf 64' lang='lat' dir='ltr'>einueoende</span> <span class='ocrx_word' id='word_1_124' title='bbox 2508 682 2511 685; x_wconf 44' lang='lat'>⁵</span> 
     </span>
     <span class='ocr_line' id='line_1_10' title="bbox 166 751 2451 808; baseline -0.003 -12"><span class='ocrx_word' id='word_1_125' title='bbox 166 755 493 808; x_wconf 86' lang='lat' dir='ltr'>achtungswidrige</span> <span class='ocrx_word' id='word_1_126' title='bbox 529 752 734 791; x_wconf 89' lang='lat' dir='ltr'>benehmen</span> <span class='ocrx_word' id='word_1_127' title='bbox 770 752 870 790; x_wconf 91' lang='lat' dir='ltr'>habe·</span> <span class='ocrx_word' id='word_1_128' title='bbox 899 752 980 790; x_wconf 90' lang='lat' dir='ltr'>eine</span> <span class='ocrx_word' id='word_1_129' title='bbox 1018 751 1141 790; x_wconf 91' lang='lat' dir='ltr'>solche</span> <span class='ocrx_word' id='word_1_130' title='bbox 1169 752 1287 790; x_wconf 91' lang='lat' dir='ltr'>hoehe</span> <span class='ocrx_word' id='word_1_131' title='bbox 1316 752 1484 798; x_wconf 87' lang='lat' dir='ltr'>erreicht,</span> <span class='ocrx_word' id='word_1_132' title='bbox 1522 753 1605 789; x_wconf 92' lang='lat' dir='ltr'>dass</span> <span class='ocrx_word' id='word_1_133' title='bbox 1634 753 1691 790; x_wconf 92' lang='lat' dir='ltr'>die</span> <span class='ocrx_word' id='word_1_134' title='bbox 1720 753 2002 803; x_wconf 84' lang='lat' dir='ltr'>freigelassenen</span> <span class='ocrx_word' id='word_1_135' title='bbox 2029 752 2152 791; x_wconf 83' lang='lat' dir='ltr'>weder</span> <span class='ocrx_word' id='word_1_136' title='bbox 2177 752 2249 791; x_wconf 78' lang='lat' dir='ltr'>den</span> <span class='ocrx_word' id='word_1_137' title='bbox 2276 751 2451 791; x_wconf 69' lang='lat' dir='ltr'>bescbeid</span> 
     </span>
     <span class='ocr_line' id='line_1_11' title="bbox 167 815 2450 872; baseline -0.003 -12"><span class='ocrx_word' id='word_1_138' title='bbox 167 822 233 860; x_wconf 88' lang='lat' dir='ltr'>der</span> <span class='ocrx_word' id='word_1_139' title='bbox 259 815 461 872; x_wconf 50' lang='lat' dir='ltr'>praetoren‘</span> <span class='ocrx_word' id='word_1_140' title='bbox 479 816 673 861; x_wconf 88' lang='lat' dir='ltr'>einholten,</span> <span class='ocrx_word' id='word_1_141' title='bbox 703 816 749 854; x_wconf 91' lang='lat' dir='ltr'>ob</span> <span class='ocrx_word' id='word_1_142' title='bbox 779 817 830 854; x_wconf 92' lang='lat' dir='ltr'>sie</span> <span class='ocrx_word' id='word_1_143' title='bbox 861 829 978 867; x_wconf 87' lang='lat' dir='ltr'>gegen</span> <span class='ocrx_word' id='word_1_144' title='bbox 1006 816 1082 854; x_wconf 85' lang='lat' dir='ltr'>ihre</span> <span class='ocrx_word' id='word_1_145' title='bbox 1111 816 1365 854; x_wconf 86' lang='lat' dir='ltr'>schutzherren</span> <span class='ocrx_word' id='word_1_146' title='bbox 1393 816 1465 854; x_wconf 90' lang='lat' dir='ltr'>den</span> <span class='ocrx_word' id='word_1_147' title='bbox 1492 816 1694 867; x_wconf 84' lang='lat' dir='ltr'>rechtsweg</span> <span class='ocrx_word' id='word_1_148' title='bbox 1721 816 1901 867; x_wconf 80' lang='lat' dir='ltr'>ergreifen</span> <span class='ocrx_word' id='word_1_149' title='bbox 1930 816 2084 861; x_wconf 78' lang='lat' dir='ltr'>diirften,</span> <span class='ocrx_word' id='word_1_150' title='bbox 2113 816 2187 854; x_wconf 90' lang='lat' dir='ltr'>und</span> <span class='ocrx_word' id='word_1_151' title='bbox 2214 829 2322 868; x_wconf 78' lang='lat' dir='ltr'>sogar</span> <span class='ocrx_word' id='word_1_152' title='bbox 2348 815 2450 855; x_wconf 69' lang='lat' dir='ltr'>trech</span> 
     </span>
     <span class='ocr_line' id='line_1_12' title="bbox 167 877 2449 932; baseline -0.002 -8"><span class='ocrx_word' id='word_1_153' title='bbox 167 886 225 924; x_wconf 92' lang='lat' dir='ltr'>die</span> <span class='ocrx_word' id='word_1_154' title='bbox 254 885 348 923; x_wconf 90' lang='lat' dir='ltr'>hand</span> <span class='ocrx_word' id='word_1_155' title='bbox 376 897 419 922; x_wconf 86' lang='lat' dir='ltr'>zu</span> <span class='ocrx_word' id='word_1_156' title='bbox 447 882 641 932; x_wconf 87' lang='lat' dir='ltr'>schlaegen</span> <span class='ocrx_word' id='word_1_157' title='bbox 680 877 879 926; x_wconf 86' lang='lat' dir='ltr'>erhoeben,</span> <span class='ocrx_word' id='word_1_158' title='bbox 916 880 1059 919; x_wconf 84' lang='lat' dir='ltr'>strassos</span> <span class='ocrx_word' id='word_1_159' title='bbox 1093 880 1183 919; x_wconf 90' lang='lat' dir='ltr'>oder</span> <span class='ocrx_word' id='word_1_160' title='bbox 1209 893 1316 931; x_wconf 85' lang='lat' dir='ltr'>sogar</span> <span class='ocrx_word' id='word_1_161' title='bbox 1335 882 1359 928; x_wconf 88' lang='lat'>⁷)</span> <span class='ocrx_word' id='word_1_162' title='bbox 1389 880 1464 919; x_wconf 89' lang='lat' dir='ltr'>ihre</span> <span class='ocrx_word' id='word_1_163' title='bbox 1492 880 1682 931; x_wconf 84' lang='lat' dir='ltr'>betrafung</span> <span class='ocrx_word' id='word_1_164' title='bbox 1709 880 1954 918; x_wconf 84' lang='lat' dir='ltr'>widerratend.</span> <span class='ocrx_word' id='word_1_165' title='bbox 2011 880 2107 919; x_wconf 91' lang='lat' dir='ltr'>denn</span> <span class='ocrx_word' id='word_1_166' title='bbox 2135 893 2208 919; x_wconf 84' lang='lat' dir='ltr'>was</span> <span class='ocrx_word' id='word_1_167' title='bbox 2235 879 2337 919; x_wconf 85' lang='lat' dir='ltr'>stehe</span> <span class='ocrx_word' id='word_1_168' title='bbox 2364 881 2449 920; x_wconf 83' lang='lat' dir='ltr'>dem</span> 
     </span>
    </p>
   </div>
   <div class='ocr_carea' id='block_1_4' title="bbox 168 948 2449 1058">
    <p class='ocr_par' dir='ltr' id='par_1_4' title="bbox 168 948 2449 1058">
     <span class='ocr_line' id='line_1_13' title="bbox 168 948 496 986; baseline -0.012 0"><span class='ocrx_word' id='word_1_169' title='bbox 168 948 400 986; x_wconf 88' lang='lat' dir='ltr'>schutzherrn</span> <span class='ocrx_word' id='word_1_170' title='bbox 429 950 496 984; x_wconf 89' lang='lat' dir='ltr'>cet.</span> 
     </span>
     <span class='ocr_line' id='line_1_14' title="bbox 358 1008 2449 1058; baseline 0 -13"><span class='ocrx_word' id='word_1_171' title='bbox 358 1011 419 1046; x_wconf 87' lang='lat' dir='ltr'>An</span> <span class='ocrx_word' id='word_1_172' title='bbox 447 1009 616 1058; x_wconf 81' lang='lat' dir='ltr'>particula</span> <span class='ocrx_word' id='word_1_173' title='bbox 644 1014 741 1044; x_wconf 88' lang='lat' dir='ltr'>recte</span> <span class='ocrx_word' id='word_1_174' title='bbox 767 1021 807 1044; x_wconf 89' lang='lat' dir='ltr'>se</span> <span class='ocrx_word' id='word_1_175' title='bbox 827 1008 943 1051; x_wconf 84' lang='lat' dir='ltr'>habet,</span> <span class='ocrx_word' id='word_1_176' title='bbox 972 1021 1052 1043; x_wconf 89' lang='lat' dir='ltr'>cum</span> <span class='ocrx_word' id='word_1_177' title='bbox 1072 1009 1108 1043; x_wconf 88' lang='lat' dir='ltr'>in</span> <span class='ocrx_word' id='word_1_178' title='bbox 1127 1008 1244 1044; x_wconf 90' lang='lat' dir='ltr'>verbis</span> <span class='ocrx_word' id='word_1_179' title='bbox 1264 1008 1505 1056; x_wconf 81' lang='lat' dir='ltr'>perscripsere</span> <span class='ocrx_word' id='word_1_180' title='bbox 1525 1015 1643 1043; x_wconf 80' lang='lat' dir='ltr'>tamen</span> <span class='ocrx_word' id='word_1_181' title='bbox 1664 1021 1881 1044; x_wconf 89' lang='lat' dir='ltr'>consensum</span> <span class='ocrx_word' id='word_1_182' title='bbox 1899 1015 2047 1049; x_wconf 73' lang='lat' dir='ltr'>senatus</span> <span class='ocrx_word' id='word_1_183' title='bbox 2066 1009 2256 1045; x_wconf 78' lang='lat' dir='ltr'>dubitativa</span> <span class='ocrx_word' id='word_1_184' title='bbox 2273 1009 2449 1057; x_wconf 69' lang='lat' dir='ltr'>qmedm</span> 
     </span>
    </p>
   </div>
   <div class='ocr_carea' id='block_1_5' title="bbox 108 1070 2450 1123">
    <p class='ocr_par' dir='ltr' id='par_1_5' title="bbox 108 1070 2450 1123">
     <span class='ocr_line' id='line_1_15' title="bbox 108 1070 2450 1123; baseline -0.001 -10"><span class='ocrx_word' id='word_1_185' title='bbox 108 1077 113 1082; x_wconf 90' lang='grc'><em>“</em></span> <span class='ocrx_word' id='word_1_186' title='bbox 168 1075 252 1113; x_wconf 90' lang='lat' dir='ltr'>insit</span> <span class='ocrx_word' id='word_1_187' title='bbox 276 1072 507 1123; x_wconf 86' lang='lat' dir='ltr'>interrogatio</span> <span class='ocrx_word' id='word_1_188' title='bbox 528 1084 570 1109; x_wconf 86' lang='lat' dir='ltr'>ea</span> <span class='ocrx_word' id='word_1_189' title='bbox 589 1076 774 1122; x_wconf 82' lang='lat' dir='ltr'><strong>potestate,</strong></span> <span class='ocrx_word' id='word_1_190' title='bbox 803 1076 841 1108; x_wconf 88' lang='lat' dir='ltr'>ut</span> <span class='ocrx_word' id='word_1_191' title='bbox 868 1076 1009 1121; x_wconf 90' lang='lat' dir='ltr'>optetur</span> <span class='ocrx_word' id='word_1_192' title='bbox 1036 1076 1141 1121; x_wconf 89' lang='lat' dir='ltr'>atque</span> <span class='ocrx_word' id='word_1_193' title='bbox 1170 1076 1376 1121; x_wconf 84' lang='lat' dir='ltr'>expectetur</span> <span class='ocrx_word' id='word_1_194' title='bbox 1403 1083 1422 1108; x_wconf 92' lang='lat' dir='ltr'>a</span> <span class='ocrx_word' id='word_1_195' title='bbox 1452 1070 1658 1108; x_wconf 88' lang='lat' dir='ltr'>consulibus</span> <span class='ocrx_word' id='word_1_196' title='bbox 1684 1076 1881 1121; x_wconf 82' lang='lat' dir='ltr'>senatuque</span> <span class='ocrx_word' id='word_1_197' title='bbox 1900 1070 1989 1116; x_wconf 83' lang='lat' dir='ltr'>sore,</span> <span class='ocrx_word' id='word_1_198' title='bbox 2009 1077 2047 1109; x_wconf 88' lang='lat' dir='ltr'>ut</span> <span class='ocrx_word' id='word_1_199' title='bbox 2064 1071 2233 1122; x_wconf 88' lang='lat' dir='ltr'>princeps</span> <span class='ocrx_word' id='word_1_200' title='bbox 2248 1071 2309 1109; x_wconf 82' lang='lat' dir='ltr'>fiat</span> <span class='ocrx_word' id='word_1_201' title='bbox 2325 1077 2450 1110; x_wconf 75' lang='lat' dir='ltr'>auctor</span> 
     </span>
    </p>
   </div>
   <div class='ocr_carea' id='block_1_6' title="bbox 164 1133 2449 1950">
    <p class='ocr_par' dir='ltr' id='par_1_6' title="bbox 164 1133 2449 1950">
     <span class='ocr_line' id='line_1_16' title="bbox 168 1133 2449 1185; baseline -0.001 -10"><span class='ocrx_word' id='word_1_202' title='bbox 168 1136 451 1180; x_wconf 85' lang='lat' dir='ltr'>constitutionis;</span> <span class='ocrx_word' id='word_1_203' title='bbox 473 1135 516 1173; x_wconf 91' lang='lat' dir='ltr'>cf.</span> <span class='ocrx_word' id='word_1_204' title='bbox 536 1134 575 1172; x_wconf 82' lang='lat' dir='ltr'>A.</span> <span class='ocrx_word' id='word_1_205' title='bbox 597 1133 632 1179; x_wconf 76' lang='grc' dir='ltr'>Ξ,</span> <span class='ocrx_word' id='word_1_206' title='bbox 648 1134 672 1171; x_wconf 86' lang='grc'>9</span> <span class='ocrx_word' id='word_1_207' title='bbox 692 1133 988 1185; x_wconf 86' lang='lat' dir='ltr'>Quaesitoque</span> <span class='ocrx_word' id='word_1_208' title='bbox 1008 1147 1058 1171; x_wconf 91' lang='lat' dir='ltr'>an</span> <span class='ocrx_word' id='word_1_209' title='bbox 1078 1133 1209 1171; x_wconf 86' lang='lat' dir='ltr'>Caesar</span> <span class='ocrx_word' id='word_1_210' title='bbox 1227 1134 1393 1171; x_wconf 79' lang='lat' dir='ltr'>venisset.</span> <span class='ocrx_word' id='word_1_211' title='bbox 1421 1134 1461 1170; x_wconf 82' lang='lat' dir='ltr'>A.</span> <span class='ocrx_word' id='word_1_212' title='bbox 1483 1133 1542 1178; x_wconf 80' lang='lat'>15,</span> <span class='ocrx_word' id='word_1_213' title='bbox 1566 1133 1616 1171; x_wconf 84' lang='lat'>58</span> <span class='ocrx_word' id='word_1_214' title='bbox 1641 1134 1737 1171; x_wconf 90' lang='lat' dir='ltr'>ldem</span> <span class='ocrx_word' id='word_1_215' title='bbox 1758 1134 1888 1171; x_wconf 81' lang='lat' dir='ltr'>Subrio</span> <span class='ocrx_word' id='word_1_216' title='bbox 1910 1134 2015 1171; x_wconf 85' lang='lat' dir='ltr'>Flavo</span> <span class='ocrx_word' id='word_1_217' title='bbox 2034 1135 2213 1172; x_wconf 78' lang='lat' dir='ltr'>assistenti</span> <span class='ocrx_word' id='word_1_218' title='bbox 2230 1134 2449 1173; x_wconf 81' lang='lat' dir='ltr'>adnuen-</span> 
     </span>
     <span class='ocr_line' id='line_1_17' title="bbox 166 1197 2449 1252; baseline -0 -13"><span class='ocrx_word' id='word_1_219' title='bbox 166 1204 301 1252; x_wconf 84' lang='lat' dir='ltr'>tique</span> <span class='ocrx_word' id='word_1_220' title='bbox 337 1214 391 1238; x_wconf 85' lang='lat' dir='ltr'>an</span> <span class='ocrx_word' id='word_1_221' title='bbox 427 1201 518 1237; x_wconf 91' lang='lat' dir='ltr'>inter</span> <span class='ocrx_word' id='word_1_222' title='bbox 554 1200 668 1249; x_wconf 85' lang='lat' dir='ltr'>ipsam</span> <span class='ocrx_word' id='word_1_223' title='bbox 706 1199 948 1249; x_wconf 81' lang='lat' dir='ltr'>cognitionem</span> <span class='ocrx_word' id='word_1_224' title='bbox 987 1198 1206 1249; x_wconf 89' lang='lat' dir='ltr'>destingeret</span> <span class='ocrx_word' id='word_1_225' title='bbox 1243 1198 1397 1248; x_wconf 81' lang='lat' dir='ltr'>gladium</span> <span class='ocrx_word' id='word_1_226' title='bbox 1435 1198 1654 1249; x_wconf 88' lang='lat' dir='ltr'>caedemque</span> <span class='ocrx_word' id='word_1_227' title='bbox 1683 1205 1850 1248; x_wconf 86' lang='lat' dir='ltr'>patraret,</span> <span class='ocrx_word' id='word_1_228' title='bbox 1890 1199 2015 1236; x_wconf 86' lang='lat' dir='ltr'>renuit.</span> <span class='ocrx_word' id='word_1_229' title='bbox 2055 1199 2095 1236; x_wconf 81' lang='lat' dir='ltr'>A.</span> <span class='ocrx_word' id='word_1_230' title='bbox 2122 1198 2183 1244; x_wconf 88' lang='grc'>16,</span> <span class='ocrx_word' id='word_1_231' title='bbox 2212 1197 2264 1237; x_wconf 76' lang='grc'>26</span> <span class='ocrx_word' id='word_1_232' title='bbox 2289 1206 2449 1238; x_wconf 81' lang='lat' dir='ltr'>cetemm</span> 
     </span>
     <span class='ocr_line' id='line_1_18' title="bbox 168 1261 2448 1316; baseline -0 -13"><span class='ocrx_word' id='word_1_233' title='bbox 168 1266 246 1316; x_wconf 90' lang='lat' dir='ltr'>ipse</span> <span class='ocrx_word' id='word_1_234' title='bbox 275 1278 328 1302; x_wconf 89' lang='lat' dir='ltr'>an</span> <span class='ocrx_word' id='word_1_235' title='bbox 356 1264 477 1302; x_wconf 91' lang='lat' dir='ltr'>venire</span> <span class='ocrx_word' id='word_1_236' title='bbox 506 1263 541 1300; x_wconf 92' lang='lat' dir='ltr'>in</span> <span class='ocrx_word' id='word_1_237' title='bbox 570 1269 732 1300; x_wconf 89' lang='lat' dir='ltr'>senatum</span> <span class='ocrx_word' id='word_1_238' title='bbox 760 1262 915 1308; x_wconf 86' lang='lat' dir='ltr'>deceret,</span> <span class='ocrx_word' id='word_1_239' title='bbox 944 1262 1163 1300; x_wconf 88' lang='lat' dir='ltr'>meditationi</span> <span class='ocrx_word' id='word_1_240' title='bbox 1191 1274 1277 1299; x_wconf 92' lang='lat' dir='ltr'>suae</span> <span class='ocrx_word' id='word_1_241' title='bbox 1305 1261 1456 1312; x_wconf 85' lang='lat' dir='ltr'>reliquit.</span> <span class='ocrx_word' id='word_1_242' title='bbox 1484 1262 1593 1299; x_wconf 88' lang='lat' dir='ltr'>Klotz.</span> <span class='ocrx_word' id='word_1_243' title='bbox 1620 1262 1721 1300; x_wconf 87' lang='lat' dir='ltr'>lexic.</span> <span class='ocrx_word' id='word_1_244' title='bbox 1742 1262 1806 1312; x_wconf 91' lang='lat' dir='ltr'>lp.</span> <span class='ocrx_word' id='word_1_245' title='bbox 1827 1261 1916 1307; x_wconf 75' lang='lat'>582,</span> <span class='ocrx_word' id='word_1_246' title='bbox 1944 1261 1966 1300; x_wconf 92' lang='lat' dir='ltr'>b</span> <span class='ocrx_word' id='word_1_247' title='bbox 1994 1262 2088 1301; x_wconf 88' lang='lat' dir='ltr'>med.</span> <span class='ocrx_word' id='word_1_248' title='bbox 2124 1262 2316 1301; x_wconf 88' lang='lat' dir='ltr'>deinter</span> <span class='ocrx_word' id='word_1_249' title='bbox 2338 1276 2448 1315; x_wconf 81' lang='lat' dir='ltr'>prae-</span> 
     </span>
     <span class='ocr_line' id='line_1_19' title="bbox 167 1325 2448 1379; baseline -0 -13"><span class='ocrx_word' id='word_1_250' title='bbox 167 1328 355 1379; x_wconf 82' lang='lat' dir='ltr'>positionis</span> <span class='ocrx_word' id='word_1_251' title='bbox 376 1331 550 1378; x_wconf 84' lang='lat' dir='ltr'>potestate</span> <span class='ocrx_word' id='word_1_252' title='bbox 571 1326 651 1363; x_wconf 91' lang='lat' dir='ltr'>vide</span> <span class='ocrx_word' id='word_1_253' title='bbox 671 1326 710 1364; x_wconf 87' lang='lat' dir='ltr'>H.</span> <span class='ocrx_word' id='word_1_254' title='bbox 730 1326 799 1371; x_wconf 82' lang='lat'>1‚1.</span> <span class='ocrx_word' id='word_1_255' title='bbox 823 1326 918 1371; x_wconf 57' lang='lat'>154.</span> <span class='ocrx_word' id='word_1_256' title='bbox 941 1325 1027 1371; x_wconf 85' lang='lat'>1,50</span> <span class='ocrx_word' id='word_1_257' title='bbox 1049 1325 1216 1363; x_wconf 86' lang='lat' dir='ltr'>Rothium</span> <span class='ocrx_word' id='word_1_258' title='bbox 1236 1325 1280 1362; x_wconf 89' lang='lat' dir='ltr'>ad</span> <span class='ocrx_word' id='word_1_259' title='bbox 1305 1325 1345 1362; x_wconf 82' lang='lat' dir='ltr'>H.</span> <span class='ocrx_word' id='word_1_260' title='bbox 1368 1325 1422 1370; x_wconf 83' lang='lat'>1‚1</span> <span class='ocrx_word' id='word_1_261' title='bbox 1448 1325 1717 1376; x_wconf 90' lang='lat' dir='ltr'>Naegelsbachii</span> <span class='ocrx_word' id='word_1_262' title='bbox 1737 1326 1945 1364; x_wconf 88' lang='lat' dir='ltr'>lateinische</span> <span class='ocrx_word' id='word_1_263' title='bbox 1961 1326 2098 1364; x_wconf 85' lang='lat' dir='ltr'>stilistik</span> <span class='ocrx_word' id='word_1_264' title='bbox 2112 1325 2142 1378; x_wconf 92' lang='grc' dir='ltr'>Ξ.</span> <span class='ocrx_word' id='word_1_265' title='bbox 2160 1325 2245 1372; x_wconf 74' lang='lat'>124,</span> <span class='ocrx_word' id='word_1_266' title='bbox 2261 1327 2286 1366; x_wconf 79' lang='lat'><strong>6</strong></span> <span class='ocrx_word' id='word_1_267' title='bbox 2300 1339 2333 1378; x_wconf 92' lang='lat' dir='ltr'>p.</span> <span class='ocrx_word' id='word_1_268' title='bbox 2349 1326 2448 1372; x_wconf 66' lang='lat'>54&amp;</span> 
     </span>
     <span class='ocr_line' id='line_1_20' title="bbox 169 1388 2447 1442; baseline -0 -13"><span class='ocrx_word' id='word_1_269' title='bbox 169 1392 215 1429; x_wconf 92' lang='lat' dir='ltr'>de</span> <span class='ocrx_word' id='word_1_270' title='bbox 244 1402 436 1429; x_wconf 88' lang='lat' dir='ltr'>nec—ac</span> <span class='ocrx_word' id='word_1_271' title='bbox 463 1390 555 1427; x_wconf 89' lang='lat' dir='ltr'>inter</span> <span class='ocrx_word' id='word_1_272' title='bbox 582 1401 621 1426; x_wconf 91' lang='lat' dir='ltr'>se</span> <span class='ocrx_word' id='word_1_273' title='bbox 650 1389 952 1439; x_wconf 88' lang='lat' dir='ltr'>respondentibus</span> <span class='ocrx_word' id='word_1_274' title='bbox 980 1389 1061 1440; x_wconf 87' lang='lat' dir='ltr'>Agr.</span> <span class='ocrx_word' id='word_1_275' title='bbox 1093 1389 1153 1427; x_wconf 88' lang='grc'>10.</span> <span class='ocrx_word' id='word_1_276' title='bbox 1182 1389 1341 1439; x_wconf 86' lang='lat' dir='ltr'>Neque</span> <span class='ocrx_word' id='word_1_277' title='bbox 1375 1388 1480 1426; x_wconf 91' lang='lat' dir='ltr'>huius</span> <span class='ocrx_word' id='word_1_278' title='bbox 1509 1390 1609 1440; x_wconf 90' lang='lat' dir='ltr'>operi</span> <span class='ocrx_word' id='word_1_279' title='bbox 1637 1395 1692 1427; x_wconf 89' lang='lat' dir='ltr'>est</span> <span class='ocrx_word' id='word_1_280' title='bbox 1719 1402 1769 1426; x_wconf 90' lang='lat' dir='ltr'>ac</span> <span class='ocrx_word' id='word_1_281' title='bbox 1799 1390 1898 1427; x_wconf 90' lang='lat' dir='ltr'>multi</span> <span class='ocrx_word' id='word_1_282' title='bbox 1926 1390 2103 1435; x_wconf 83' lang='lat' dir='ltr'>rettulere,</span> <span class='ocrx_word' id='word_1_283' title='bbox 2132 1391 2252 1442; x_wconf 89' lang='lat' dir='ltr'>ibique</span> <span class='ocrx_word' id='word_1_284' title='bbox 2270 1389 2447 1429; x_wconf 79' lang='lat' dir='ltr'>Wexium.</span> 
     </span>
     <span class='ocr_line' id='line_1_21' title="bbox 168 1453 2448 1505; baseline 0 -13"><span class='ocrx_word' id='word_1_285' title='bbox 168 1460 417 1505; x_wconf 88' lang='lat' dir='ltr'>praetorum</span> <span class='ocrx_word' id='word_1_286' title='bbox 445 1459 563 1490; x_wconf 89' lang='lat' dir='ltr'>autem</span> <span class='ocrx_word' id='word_1_287' title='bbox 587 1466 652 1502; x_wconf 90' lang='lat' dir='ltr'>pro</span> <span class='ocrx_word' id='word_1_288' title='bbox 673 1465 797 1490; x_wconf 90' lang='lat' dir='ltr'>eorum</span> <span class='ocrx_word' id='word_1_289' title='bbox 820 1454 946 1502; x_wconf 89' lang='lat' dir='ltr'>scripsi</span> <span class='ocrx_word' id='word_1_290' title='bbox 965 1459 1163 1502; x_wconf 87' lang='lat' dir='ltr'>propterea,</span> <span class='ocrx_word' id='word_1_291' title='bbox 1192 1454 1290 1502; x_wconf 92' lang='lat' dir='ltr'>quod</span> <span class='ocrx_word' id='word_1_292' title='bbox 1309 1453 1377 1489; x_wconf 89' lang='lat' dir='ltr'>nisi</span> <span class='ocrx_word' id='word_1_293' title='bbox 1396 1459 1559 1502; x_wconf 90' lang='lat' dir='ltr'>praetore</span> <span class='ocrx_word' id='word_1_294' title='bbox 1585 1454 1808 1490; x_wconf 88' lang='lat' dir='ltr'>concedente</span> <span class='ocrx_word' id='word_1_295' title='bbox 1831 1461 2001 1503; x_wconf 90' lang='lat' dir='ltr'>patronos</span> <span class='ocrx_word' id='word_1_296' title='bbox 2024 1455 2060 1490; x_wconf 92' lang='lat' dir='ltr'>in</span> <span class='ocrx_word' id='word_1_297' title='bbox 2084 1455 2139 1491; x_wconf 92' lang='lat' dir='ltr'>ius</span> <span class='ocrx_word' id='word_1_298' title='bbox 2162 1467 2291 1492; x_wconf 88' lang='lat' dir='ltr'>vocare</span> <span class='ocrx_word' id='word_1_299' title='bbox 2313 1455 2448 1492; x_wconf 80' lang='lat' dir='ltr'>libertis</span> 
     </span>
     <span class='ocr_line' id='line_1_22' title="bbox 169 1514 2448 1568; baseline 0.001 -13"><span class='ocrx_word' id='word_1_300' title='bbox 169 1530 241 1555; x_wconf 91' lang='lat' dir='ltr'>non</span> <span class='ocrx_word' id='word_1_301' title='bbox 266 1517 403 1561; x_wconf 88' lang='lat' dir='ltr'>licebat,</span> <span class='ocrx_word' id='word_1_302' title='bbox 431 1517 511 1555; x_wconf 85' lang='lat' dir='ltr'>vide</span> <span class='ocrx_word' id='word_1_303' title='bbox 533 1516 622 1554; x_wconf 90' lang='lat' dir='ltr'>Rein</span> <span class='ocrx_word' id='word_1_304' title='bbox 642 1517 677 1553; x_wconf 92' lang='lat' dir='ltr'>in</span> <span class='ocrx_word' id='word_1_305' title='bbox 699 1516 806 1566; x_wconf 86' lang='lat' dir='ltr'>Pauly</span> <span class='ocrx_word' id='word_1_306' title='bbox 826 1516 1175 1567; x_wconf 87' lang='lat' dir='ltr'>realencyclopaedie</span> <span class='ocrx_word' id='word_1_307' title='bbox 1195 1516 1238 1554; x_wconf 95' lang='lat' dir='ltr'>lV</span> <span class='ocrx_word' id='word_1_308' title='bbox 1260 1529 1294 1567; x_wconf 89' lang='lat' dir='ltr'>p.</span> <span class='ocrx_word' id='word_1_309' title='bbox 1320 1514 1420 1554; x_wconf 81' lang='lat'>1052</span> <span class='ocrx_word' id='word_1_310' title='bbox 1441 1516 1561 1567; x_wconf 87' lang='lat' dir='ltr'>Lange</span> <span class='ocrx_word' id='word_1_311' title='bbox 1591 1529 1700 1554; x_wconf 90' lang='lat' dir='ltr'>roem.</span> <span class='ocrx_word' id='word_1_312' title='bbox 1733 1516 1842 1554; x_wconf 86' lang='lat' dir='ltr'>altert.</span> <span class='ocrx_word' id='word_1_313' title='bbox 1871 1516 1883 1554; x_wconf 93' lang='grc' dir='ltr'>Ι</span> <span class='ocrx_word' id='word_1_314' title='bbox 1911 1530 1944 1568; x_wconf 91' lang='lat' dir='ltr'>p.</span> <span class='ocrx_word' id='word_1_315' title='bbox 1969 1516 2056 1556; x_wconf 80' lang='lat'>199.</span> <span class='ocrx_word' id='word_1_316' title='bbox 2086 1517 2131 1555; x_wconf 89' lang='lat' dir='ltr'>de</span> <span class='ocrx_word' id='word_1_317' title='bbox 2160 1516 2448 1558; x_wconf 83' lang='lat' dir='ltr'>consultandi</span> 
     </span>
     <span class='ocr_line' id='line_1_23' title="bbox 168 1576 2447 1630; baseline 0 -12"><span class='ocrx_word' id='word_1_318' title='bbox 168 1581 342 1618; x_wconf 88' lang='lat' dir='ltr'>vocabulo</span> <span class='ocrx_word' id='word_1_319' title='bbox 373 1581 417 1617; x_wconf 84' lang='lat' dir='ltr'>cf.</span> <span class='ocrx_word' id='word_1_320' title='bbox 446 1580 484 1617; x_wconf 84' lang='lat' dir='ltr'>A.</span> <span class='ocrx_word' id='word_1_321' title='bbox 509 1579 599 1625; x_wconf 63' lang='lat'>1:1¹2</span> <span class='ocrx_word' id='word_1_322' title='bbox 624 1579 941 1617; x_wconf 90' lang='lat' dir='ltr'>Consultante</span> <span class='ocrx_word' id='word_1_323' title='bbox 969 1580 1139 1630; x_wconf 89' lang='lat' dir='ltr'>Pompeio</span> <span class='ocrx_word' id='word_1_324' title='bbox 1168 1580 1285 1616; x_wconf 90' lang='lat' dir='ltr'>Macro</span> <span class='ocrx_word' id='word_1_325' title='bbox 1313 1576 1477 1630; x_wconf 84' lang='lat' dir='ltr'>praetore</span> <span class='ocrx_word' id='word_1_326' title='bbox 1506 1593 1550 1616; x_wconf 90' lang='lat' dir='ltr'>an</span> <span class='ocrx_word' id='word_1_327' title='bbox 1575 1580 1705 1629; x_wconf 87' lang='lat' dir='ltr'>judicia</span> <span class='ocrx_word' id='word_1_328' title='bbox 1736 1581 1928 1630; x_wconf 86' lang='lat' dir='ltr'>majestatis</span> <span class='ocrx_word' id='word_1_329' title='bbox 1956 1581 2200 1627; x_wconf 87' lang='lat' dir='ltr'>redderentur,</span> <span class='ocrx_word' id='word_1_330' title='bbox 2229 1583 2447 1621; x_wconf 85' lang='lat' dir='ltr'>exercendas</span> 
     </span>
     <span class='ocr_line' id='line_1_24' title="bbox 168 1643 2447 1695; baseline 0.001 -14"><span class='ocrx_word' id='word_1_331' title='bbox 168 1645 270 1694; x_wconf 88' lang='lat' dir='ltr'>leges</span> <span class='ocrx_word' id='word_1_332' title='bbox 298 1658 380 1681; x_wconf 84' lang='lat' dir='ltr'>esse</span> <span class='ocrx_word' id='word_1_333' title='bbox 409 1644 603 1693; x_wconf 87' lang='lat' dir='ltr'>respondit.</span> <span class='ocrx_word' id='word_1_334' title='bbox 640 1643 679 1680; x_wconf 88' lang='lat' dir='ltr'>A.</span> <span class='ocrx_word' id='word_1_335' title='bbox 710 1643 809 1688; x_wconf 57' lang='lat'>230.</span> <span class='ocrx_word' id='word_1_336' title='bbox 838 1644 934 1693; x_wconf 92' lang='lat' dir='ltr'>quod</span> <span class='ocrx_word' id='word_1_337' title='bbox 964 1657 1007 1681; x_wconf 88' lang='lat' dir='ltr'>ex</span> <span class='ocrx_word' id='word_1_338' title='bbox 1031 1644 1222 1681; x_wconf 87' lang='lat' dir='ltr'>Heinischii</span> <span class='ocrx_word' id='word_1_339' title='bbox 1252 1644 1456 1680; x_wconf 86' lang='lat' dir='ltr'>coniectura</span> <span class='ocrx_word' id='word_1_340' title='bbox 1485 1645 1605 1693; x_wconf 90' lang='lat' dir='ltr'>recepi</span> <span class='ocrx_word' id='word_1_341' title='bbox 1633 1645 1805 1693; x_wconf 88' lang='lat' dir='ltr'>impune</span> <span class='ocrx_word' id='word_1_342' title='bbox 1835 1645 2027 1693; x_wconf 85' lang='lat' dir='ltr'>explicatur</span> <span class='ocrx_word' id='word_1_343' title='bbox 2053 1645 2180 1689; x_wconf 81' lang='lat' dir='ltr'>verbis,</span> <span class='ocrx_word' id='word_1_344' title='bbox 2209 1658 2301 1695; x_wconf 90' lang='lat' dir='ltr'>quae</span> <span class='ocrx_word' id='word_1_345' title='bbox 2329 1646 2447 1695; x_wconf 88' lang='lat' dir='ltr'>paullo</span> 
     </span>
     <span class='ocr_line' id='line_1_25' title="bbox 168 1706 2448 1758; baseline 0.001 -13"><span class='ocrx_word' id='word_1_346' title='bbox 168 1714 252 1758; x_wconf 90' lang='lat' dir='ltr'>post</span> <span class='ocrx_word' id='word_1_347' title='bbox 277 1707 463 1758; x_wconf 88' lang='lat' dir='ltr'>leguntur:</span> <span class='ocrx_word' id='word_1_348' title='bbox 494 1707 579 1757; x_wconf 91' lang='lat' dir='ltr'>quid</span> <span class='ocrx_word' id='word_1_349' title='bbox 608 1707 702 1744; x_wconf 89' lang='lat' dir='ltr'>enim</span> <span class='ocrx_word' id='word_1_350' title='bbox 731 1706 826 1744; x_wconf 90' lang='lat' dir='ltr'>aliud</span> <span class='ocrx_word' id='word_1_351' title='bbox 854 1707 951 1745; x_wconf 89' lang='lat' dir='ltr'>laeso</span> <span class='ocrx_word' id='word_1_352' title='bbox 979 1714 1128 1757; x_wconf 88' lang='lat' dir='ltr'>patrono</span> <span class='ocrx_word' id='word_1_353' title='bbox 1157 1720 1370 1744; x_wconf 88' lang='lat' dir='ltr'>concessum</span> <span class='ocrx_word' id='word_1_354' title='bbox 1401 1713 1466 1745; x_wconf 85' lang='lat' dir='ltr'>cet.</span> <span class='ocrx_word' id='word_1_355' title='bbox 1497 1706 1540 1744; x_wconf 89' lang='lat' dir='ltr'>cf.</span> <span class='ocrx_word' id='word_1_356' title='bbox 1560 1706 1599 1744; x_wconf 90' lang='lat' dir='ltr'>H.</span> <span class='ocrx_word' id='word_1_357' title='bbox 1624 1706 1660 1752; x_wconf 75' lang='lat'>4,</span> <span class='ocrx_word' id='word_1_358' title='bbox 1681 1706 1740 1745; x_wconf 71' lang='lat'>28.</span> <span class='ocrx_word' id='word_1_359' title='bbox 1764 1707 1919 1757; x_wconf 91' lang='lat' dir='ltr'>denique</span> <span class='ocrx_word' id='word_1_360' title='bbox 1939 1707 2055 1745; x_wconf 79' lang='lat' dir='ltr'>verbis</span> <span class='ocrx_word' id='word_1_361' title='bbox 2083 1708 2138 1746; x_wconf 76' lang='lat' dir='ltr'>vel</span> <span class='ocrx_word' id='word_1_362' title='bbox 2166 1722 2319 1758; x_wconf 85' lang='lat' dir='ltr'>poenam</span> <span class='ocrx_word' id='word_1_363' title='bbox 2347 1722 2448 1751; x_wconf 88' lang='lat' dir='ltr'>suam</span> 
     </span>
     <span class='ocr_line' id='line_1_26' title="bbox 164 1770 2448 1821; baseline 0.001 -15"><span class='ocrx_word' id='word_1_364' title='bbox 164 1771 419 1813; x_wconf 76' lang='lat' dir='ltr'>¹dissuadentes</span> <span class='ocrx_word' id='word_1_365' title='bbox 464 1771 500 1806; x_wconf 93' lang='lat' dir='ltr'>id</span> <span class='ocrx_word' id='word_1_366' title='bbox 529 1770 731 1820; x_wconf 83' lang='lat' dir='ltr'>significari,</span> <span class='ocrx_word' id='word_1_367' title='bbox 768 1777 805 1806; x_wconf 89' lang='lat' dir='ltr'>ut</span> <span class='ocrx_word' id='word_1_368' title='bbox 837 1771 974 1820; x_wconf 89' lang='lat' dir='ltr'>patroni</span> <span class='ocrx_word' id='word_1_369' title='bbox 1001 1771 1125 1807; x_wconf 84' lang='lat' dir='ltr'>timere</span> <span class='ocrx_word' id='word_1_370' title='bbox 1149 1771 1347 1814; x_wconf 87' lang='lat' dir='ltr'>debuerint,</span> <span class='ocrx_word' id='word_1_371' title='bbox 1375 1782 1420 1806; x_wconf 88' lang='lat' dir='ltr'>ne</span> <span class='ocrx_word' id='word_1_372' title='bbox 1450 1782 1468 1806; x_wconf 89' lang='lat' dir='ltr'>a</span> <span class='ocrx_word' id='word_1_373' title='bbox 1496 1770 1630 1806; x_wconf 84' lang='lat' dir='ltr'>libertis</span> <span class='ocrx_word' id='word_1_374' title='bbox 1659 1771 1770 1806; x_wconf 83' lang='lat' dir='ltr'>varias</span> <span class='ocrx_word' id='word_1_375' title='bbox 1800 1771 1845 1806; x_wconf 90' lang='lat' dir='ltr'>ob</span> <span class='ocrx_word' id='word_1_376' title='bbox 1875 1783 1942 1815; x_wconf 87' lang='lat' dir='ltr'>res,</span> <span class='ocrx_word' id='word_1_377' title='bbox 1974 1783 2122 1821; x_wconf 90' lang='lat' dir='ltr'>quarum</span> <span class='ocrx_word' id='word_1_378' title='bbox 2151 1778 2274 1809; x_wconf 89' lang='lat' dir='ltr'>essent</span> <span class='ocrx_word' id='word_1_379' title='bbox 2302 1774 2448 1817; x_wconf 88' lang='lat' dir='ltr'>conscii,</span> 
     </span>
     <span class='ocr_line' id='line_1_27' title="bbox 169 1834 2447 1885; baseline 0.002 -13"><span class='ocrx_word' id='word_1_380' title='bbox 169 1835 454 1873; x_wconf 86' lang='lat' dir='ltr'>accusationibus</span> <span class='ocrx_word' id='word_1_381' title='bbox 482 1840 707 1884; x_wconf 88' lang='lat' dir='ltr'>peterentur,</span> <span class='ocrx_word' id='word_1_382' title='bbox 756 1841 852 1873; x_wconf 90' lang='lat' dir='ltr'>recte</span> <span class='ocrx_word' id='word_1_383' title='bbox 891 1836 1027 1873; x_wconf 91' lang='lat' dir='ltr'>monuit</span> <span class='ocrx_word' id='word_1_384' title='bbox 1053 1834 1213 1873; x_wconf 88' lang='lat' dir='ltr'>Rothius.</span> <span class='ocrx_word' id='word_1_385' title='bbox 1232 1861 1236 1865; x_wconf 89' lang='lat'>-</span> <span class='ocrx_word' id='word_1_386' title='bbox 1255 1835 1300 1873; x_wconf 93' lang='lat' dir='ltr'>de</span> <span class='ocrx_word' id='word_1_387' title='bbox 1329 1835 1408 1885; x_wconf 91' lang='lat' dir='ltr'>ipso</span> <span class='ocrx_word' id='word_1_388' title='bbox 1437 1835 1726 1873; x_wconf 87' lang='lat' dir='ltr'>dissuadendi</span> <span class='ocrx_word' id='word_1_389' title='bbox 1769 1835 1878 1873; x_wconf 79' lang='lat' dir='ltr'>verbo</span> <span class='ocrx_word' id='word_1_390' title='bbox 1920 1835 2028 1873; x_wconf 89' lang='lat' dir='ltr'>adeas</span> <span class='ocrx_word' id='word_1_391' title='bbox 2060 1836 2098 1873; x_wconf 85' lang='grc' dir='ltr'>Α.</span> <span class='ocrx_word' id='word_1_392' title='bbox 2135 1836 2244 1881; x_wconf 59' lang='lat'>1451..</span> <span class='ocrx_word' id='word_1_393' title='bbox 2274 1836 2324 1875; x_wconf 86' lang='lat' dir='ltr'>Ne</span> <span class='ocrx_word' id='word_1_394' title='bbox 2363 1839 2447 1877; x_wconf 85' lang='lat' dir='ltr'>irriti</span> 
     </span>
     <span class='ocr_line' id='line_1_28' title="bbox 170 1897 1748 1950; baseline 0 -14"><span class='ocrx_word' id='word_1_395' title='bbox 170 1897 525 1937; x_wconf 88' lang='lat' dir='ltr'>dissuaderent.</span> <span class='ocrx_word' id='word_1_396' title='bbox 570 1897 691 1945; x_wconf 65' lang='lat' dir='ltr'>14,st</span> <span class='ocrx_word' id='word_1_397' title='bbox 735 1897 839 1943; x_wconf 85' lang='lat' dir='ltr'>Quod</span> <span class='ocrx_word' id='word_1_398' title='bbox 868 1898 1197 1937; x_wconf 88' lang='lat' dir='ltr'>dissuasisset</span> <span class='ocrx_word' id='word_1_399' title='bbox 1224 1898 1428 1936; x_wconf 76' lang='lat' dir='ltr'>donativum</span> <span class='ocrx_word' id='word_1_400' title='bbox 1457 1904 1492 1936; x_wconf 88' lang='lat' dir='ltr'>et</span> <span class='ocrx_word' id='word_1_401' title='bbox 1520 1898 1748 1950; x_wconf 85' lang='lat' dir='ltr'>congiarium.</span> 
     </span>
    </p>
   </div>
   <div class='ocr_carea' id='block_1_7' title="bbox 170 1973 2448 2786">
    <p class='ocr_par' dir='ltr' id='par_1_7' title="bbox 358 1973 1279 2020">
     <span class='ocr_line' id='line_1_29' title="bbox 358 1973 1279 2020; baseline -0.003 -7"><span class='ocrx_word' id='word_1_402' title='bbox 358 1975 402 2012; x_wconf 84' lang='grc' dir='ltr'>Δ.</span> <span class='ocrx_word' id='word_1_403' title='bbox 430 1974 486 2020; x_wconf 84' lang='lat'>14,</span> <span class='ocrx_word' id='word_1_404' title='bbox 502 1975 562 2013; x_wconf 82' lang='lat'>32.</span> <span class='ocrx_word' id='word_1_405' title='bbox 618 1973 654 2010; x_wconf 93' lang='lat' dir='ltr'>ln</span> <span class='ocrx_word' id='word_1_406' title='bbox 684 1973 808 2011; x_wconf 90' lang='lat' dir='ltr'>codice</span> <span class='ocrx_word' id='word_1_407' title='bbox 838 1973 997 2011; x_wconf 86' lang='lat' dir='ltr'>Mcdicco</span> <span class='ocrx_word' id='word_1_408' title='bbox 1025 1973 1114 2011; x_wconf 89' lang='lat' dir='ltr'>haec</span> <span class='ocrx_word' id='word_1_409' title='bbox 1143 1979 1279 2011; x_wconf 81' lang='lat' dir='ltr'>extant:</span> 
     </span>
    </p>

    <p class='ocr_par' dir='ltr' id='par_1_8' title="bbox 171 2036 2445 2148">
     <span class='ocr_line' id='line_1_30' title="bbox 359 2036 2445 2086; baseline 0.001 -12"><span class='ocrx_word' id='word_1_410' title='bbox 359 2038 435 2074; x_wconf 85' lang='lat' dir='ltr'>Jam</span> <span class='ocrx_word' id='word_1_411' title='bbox 464 2036 613 2074; x_wconf 79' lang='lat' dir='ltr'>Oceanus</span> <span class='ocrx_word' id='word_1_412' title='bbox 641 2044 774 2074; x_wconf 85' lang='lat' dir='ltr'>cruento</span> <span class='ocrx_word' id='word_1_413' title='bbox 804 2044 936 2085; x_wconf 79' lang='lat' dir='ltr'>aspectu</span> <span class='ocrx_word' id='word_1_414' title='bbox 969 2040 1035 2074; x_wconf 81' lang='lat' dir='ltr'>sic</span> <span class='ocrx_word' id='word_1_415' title='bbox 1061 2039 1244 2074; x_wconf 84' lang='lat' dir='ltr'>labente</span> <span class='ocrx_word' id='word_1_416' title='bbox 1271 2044 1363 2074; x_wconf 81' lang='lat' dir='ltr'>aestu</span> <span class='ocrx_word' id='word_1_417' title='bbox 1391 2040 1614 2074; x_wconf 76' lang='lat' dir='ltr'>humanorum</span> <span class='ocrx_word' id='word_1_418' title='bbox 1642 2051 1819 2085; x_wconf 76' lang='lat' dir='ltr'>corporum</span> <span class='ocrx_word' id='word_1_419' title='bbox 1848 2040 1972 2086; x_wconf 72' lang='lat' dir='ltr'>effiqies</span> <span class='ocrx_word' id='word_1_420' title='bbox 1999 2041 2135 2075; x_wconf 76' lang='lat' dir='ltr'>relictae</span> <span class='ocrx_word' id='word_1_421' title='bbox 2162 2046 2196 2075; x_wconf 79' lang='lat' dir='ltr'>ut</span> <span class='ocrx_word' id='word_1_422' title='bbox 2224 2040 2445 2077; x_wconf 76' lang='lat' dir='ltr'>Britanni</span> 
     </span>
     <span class='ocr_line' id='line_1_31' title="bbox 171 2101 1205 2148; baseline 0.003 -12"><span class='ocrx_word' id='word_1_423' title='bbox 171 2101 215 2136; x_wconf 82' lang='lat' dir='ltr'>ad</span> <span class='ocrx_word' id='word_1_424' title='bbox 240 2113 333 2148; x_wconf 84' lang='lat' dir='ltr'>spem</span> <span class='ocrx_word' id='word_1_425' title='bbox 359 2101 409 2138; x_wconf 85' lang='lat' dir='ltr'>ita</span> <span class='ocrx_word' id='word_1_426' title='bbox 435 2102 645 2138; x_wconf 81' lang='lat' dir='ltr'>veterani</span> <span class='ocrx_word' id='word_1_427' title='bbox 672 2103 716 2139; x_wconf 89' lang='lat' dir='ltr'>ad</span> <span class='ocrx_word' id='word_1_428' title='bbox 741 2108 866 2139; x_wconf 84' lang='lat' dir='ltr'>metum</span> <span class='ocrx_word' id='word_1_429' title='bbox 893 2102 1205 2139; x_wconf 81' lang='lat' dir='ltr'>trahebantur.</span> 
     </span>
    </p>

    <p class='ocr_par' dir='ltr' id='par_1_9' title="bbox 170 2163 2446 2537">
     <span class='ocr_line' id='line_1_32' title="bbox 361 2163 2445 2217; baseline 0.002 -16"><span class='ocrx_word' id='word_1_430' title='bbox 361 2163 457 2207; x_wconf 87' lang='lat' dir='ltr'>Quae</span> <span class='ocrx_word' id='word_1_431' title='bbox 478 2164 584 2202; x_wconf 79' lang='lat' dir='ltr'>verba</span> <span class='ocrx_word' id='word_1_432' title='bbox 604 2177 648 2202; x_wconf 83' lang='lat' dir='ltr'>ex</span> <span class='ocrx_word' id='word_1_433' title='bbox 664 2165 879 2202; x_wconf 89' lang='lat' dir='ltr'>coniecturis</span> <span class='ocrx_word' id='word_1_434' title='bbox 893 2165 921 2202; x_wconf 83' lang='lat' dir='ltr'>J.</span> <span class='ocrx_word' id='word_1_435' title='bbox 939 2164 1105 2202; x_wconf 90' lang='lat' dir='ltr'>Gronovii</span> <span class='ocrx_word' id='word_1_436' title='bbox 1120 2170 1156 2203; x_wconf 92' lang='lat' dir='ltr'>et</span> <span class='ocrx_word' id='word_1_437' title='bbox 1169 2164 1341 2202; x_wconf 82' lang='lat' dir='ltr'>Waltheri</span> <span class='ocrx_word' id='word_1_438' title='bbox 1357 2165 1407 2201; x_wconf 91' lang='lat' dir='ltr'>sic</span> <span class='ocrx_word' id='word_1_439' title='bbox 1423 2165 1595 2202; x_wconf 86' lang='lat' dir='ltr'>eduntur:</span> <span class='ocrx_word' id='word_1_440' title='bbox 1616 2165 1685 2202; x_wconf 87' lang='lat' dir='ltr'>iam</span> <span class='ocrx_word' id='word_1_441' title='bbox 1702 2163 1869 2202; x_wconf 87' lang='lat' dir='ltr'>Oceanus</span> <span class='ocrx_word' id='word_1_442' title='bbox 1887 2172 2033 2203; x_wconf 84' lang='lat' dir='ltr'>cruento</span> <span class='ocrx_word' id='word_1_443' title='bbox 2050 2173 2206 2217; x_wconf 89' lang='lat' dir='ltr'>aspectu,</span> <span class='ocrx_word' id='word_1_444' title='bbox 2226 2167 2445 2206; x_wconf 83' lang='lat' dir='ltr'>dilabente</span> 
     </span>
     <span class='ocr_line' id='line_1_33' title="bbox 170 2227 2445 2279; baseline 0.003 -15"><span class='ocrx_word' id='word_1_445' title='bbox 170 2234 272 2264; x_wconf 85' lang='lat' dir='ltr'>aestu</span> <span class='ocrx_word' id='word_1_446' title='bbox 300 2227 536 2265; x_wconf 85' lang='lat' dir='ltr'>humanorum</span> <span class='ocrx_word' id='word_1_447' title='bbox 566 2242 756 2278; x_wconf 88' lang='lat' dir='ltr'>corporum</span> <span class='ocrx_word' id='word_1_448' title='bbox 785 2230 924 2279; x_wconf 77' lang='lat' dir='ltr'>efligies</span> <span class='ocrx_word' id='word_1_449' title='bbox 953 2230 1094 2267; x_wconf 83' lang='lat' dir='ltr'>relictae</span> <span class='ocrx_word' id='word_1_450' title='bbox 1123 2237 1161 2267; x_wconf 89' lang='lat' dir='ltr'>ut</span> <span class='ocrx_word' id='word_1_451' title='bbox 1182 2229 1427 2267; x_wconf 84' lang='lat' dir='ltr'>Britannis</span> <span class='ocrx_word' id='word_1_452' title='bbox 1455 2230 1500 2266; x_wconf 86' lang='lat' dir='ltr'>ad</span> <span class='ocrx_word' id='word_1_453' title='bbox 1528 2230 1637 2279; x_wconf 49' lang='lat' dir='ltr'>spent</span> <span class='ocrx_word' id='word_1_454' title='bbox 1658 2231 1702 2266; x_wconf 84' lang='lat' dir='ltr'>ita</span> <span class='ocrx_word' id='word_1_455' title='bbox 1722 2231 1973 2267; x_wconf 77' lang='lat' dir='ltr'>veteranis</span> <span class='ocrx_word' id='word_1_456' title='bbox 1993 2231 2035 2267; x_wconf 90' lang='lat' dir='ltr'>ad</span> <span class='ocrx_word' id='word_1_457' title='bbox 2056 2239 2189 2268; x_wconf 90' lang='lat' dir='ltr'>metum</span> <span class='ocrx_word' id='word_1_458' title='bbox 2208 2232 2445 2270; x_wconf 83' lang='lat' dir='ltr'>trahebantur.</span> 
     </span>
     <span class='ocr_line' id='line_1_34' title="bbox 170 2283 2444 2347; baseline 0.003 -19"><span class='ocrx_word' id='word_1_459' title='bbox 170 2291 236 2329; x_wconf 89' lang='lat' dir='ltr'>sed</span> <span class='ocrx_word' id='word_1_460' title='bbox 266 2291 371 2329; x_wconf 87' lang='lat' dir='ltr'>etiam</span> <span class='ocrx_word' id='word_1_461' title='bbox 398 2291 535 2330; x_wconf 90' lang='lat' dir='ltr'>leniore</span> <span class='ocrx_word' id='word_1_462' title='bbox 563 2292 703 2331; x_wconf 88' lang='lat' dir='ltr'>medela</span> <span class='ocrx_word' id='word_1_463' title='bbox 730 2292 849 2331; x_wconf 86' lang='lat' dir='ltr'>locum</span> <span class='ocrx_word' id='word_1_464' title='bbox 870 2293 913 2331; x_wconf 90' lang='lat' dir='ltr'>ad</span> <span class='ocrx_word' id='word_1_465' title='bbox 933 2294 1167 2344; x_wconf 83' lang='lat' dir='ltr'>integritatem</span> <span class='ocrx_word' id='word_1_466' title='bbox 1187 2283 1375 2332; x_wconf 83' lang='lat' dir='ltr'>revocasse</span> <span class='ocrx_word' id='word_1_467' title='bbox 1396 2292 1480 2331; x_wconf 89' lang='lat' dir='ltr'>mihi</span> <span class='ocrx_word' id='word_1_468' title='bbox 1500 2293 1623 2331; x_wconf 84' lang='lat' dir='ltr'>videor</span> <span class='ocrx_word' id='word_1_469' title='bbox 1642 2293 1822 2332; x_wconf 84' lang='lat' dir='ltr'>scribens:</span> <span class='ocrx_word' id='word_1_470' title='bbox 1854 2294 1923 2332; x_wconf 91' lang='lat' dir='ltr'>iam</span> <span class='ocrx_word' id='word_1_471' title='bbox 1944 2292 2108 2332; x_wconf 90' lang='lat' dir='ltr'>Oceanus</span> <span class='ocrx_word' id='word_1_472' title='bbox 2133 2303 2280 2334; x_wconf 87' lang='lat' dir='ltr'>cruento</span> <span class='ocrx_word' id='word_1_473' title='bbox 2300 2303 2444 2347; x_wconf 89' lang='lat' dir='ltr'>aspectu</span> 
     </span>
     <span class='ocr_line' id='line_1_35' title="bbox 170 2355 2446 2408; baseline 0.003 -18"><span class='ocrx_word' id='word_1_474' title='bbox 170 2355 258 2402; x_wconf 90' lang='lat' dir='ltr'>(scil.</span> <span class='ocrx_word' id='word_1_475' title='bbox 289 2356 365 2403; x_wconf 88' lang='lat' dir='ltr'>fuit)</span> <span class='ocrx_word' id='word_1_476' title='bbox 395 2367 445 2391; x_wconf 91' lang='lat' dir='ltr'>ac</span> <span class='ocrx_word' id='word_1_477' title='bbox 471 2356 612 2392; x_wconf 89' lang='lat' dir='ltr'>labente</span> <span class='ocrx_word' id='word_1_478' title='bbox 641 2362 741 2393; x_wconf 84' lang='lat' dir='ltr'>aestu</span> <span class='ocrx_word' id='word_1_479' title='bbox 770 2356 1005 2394; x_wconf 90' lang='lat' dir='ltr'>humanorum</span> <span class='ocrx_word' id='word_1_480' title='bbox 1034 2357 1173 2407; x_wconf 82' lang='lat' dir='ltr'>effigies</span> <span class='ocrx_word' id='word_1_481' title='bbox 1202 2358 1344 2393; x_wconf 86' lang='lat' dir='ltr'>relictae</span> <span class='ocrx_word' id='word_1_482' title='bbox 1365 2359 1426 2405; x_wconf 88' lang='lat' dir='ltr'>(sc.</span> <span class='ocrx_word' id='word_1_483' title='bbox 1448 2360 1562 2405; x_wconf 84' lang='lat' dir='ltr'>sunt):</span> <span class='ocrx_word' id='word_1_484' title='bbox 1592 2364 1630 2393; x_wconf 91' lang='lat' dir='ltr'>ut</span> <span class='ocrx_word' id='word_1_485' title='bbox 1651 2357 1807 2393; x_wconf 81' lang='lat' dir='ltr'>Britanni</span> <span class='ocrx_word' id='word_1_486' title='bbox 1826 2358 1870 2394; x_wconf 90' lang='lat' dir='ltr'>ad</span> <span class='ocrx_word' id='word_1_487' title='bbox 1891 2370 1991 2408; x_wconf 89' lang='lat' dir='ltr'>spem</span> <span class='ocrx_word' id='word_1_488' title='bbox 2011 2359 2056 2394; x_wconf 91' lang='lat' dir='ltr'>ita</span> <span class='ocrx_word' id='word_1_489' title='bbox 2074 2360 2230 2395; x_wconf 83' lang='lat' dir='ltr'>veterani</span> <span class='ocrx_word' id='word_1_490' title='bbox 2249 2359 2293 2396; x_wconf 88' lang='lat' dir='ltr'>ad</span> <span class='ocrx_word' id='word_1_491' title='bbox 2313 2367 2446 2397; x_wconf 86' lang='lat' dir='ltr'>metum</span> 
     </span>
     <span class='ocr_line' id='line_1_36' title="bbox 173 2417 2446 2472; baseline 0.003 -18"><span class='ocrx_word' id='word_1_492' title='bbox 173 2417 404 2456; x_wconf 85' lang='lat' dir='ltr'>trahebantur</span> <span class='ocrx_word' id='word_1_493' title='bbox 423 2419 460 2467; x_wconf 75' lang='lat'>⁸).</span> <span class='ocrx_word' id='word_1_494' title='bbox 489 2432 594 2469; x_wconf 91' lang='lat' dir='ltr'>quam</span> <span class='ocrx_word' id='word_1_495' title='bbox 622 2426 737 2457; x_wconf 90' lang='lat' dir='ltr'>textus</span> <span class='ocrx_word' id='word_1_496' title='bbox 767 2421 1054 2458; x_wconf 87' lang='lat' dir='ltr'>constitutionem</span> <span class='ocrx_word' id='word_1_497' title='bbox 1082 2434 1186 2470; x_wconf 90' lang='lat' dir='ltr'>quam</span> <span class='ocrx_word' id='word_1_498' title='bbox 1215 2427 1342 2457; x_wconf 83' lang='lat' dir='ltr'>vocant</span> <span class='ocrx_word' id='word_1_499' title='bbox 1370 2427 1408 2457; x_wconf 86' lang='lat' dir='ltr'>ut</span> <span class='ocrx_word' id='word_1_500' title='bbox 1435 2421 1642 2470; x_wconf 83' lang='lat' dir='ltr'>probemuS‚</span> <span class='ocrx_word' id='word_1_501' title='bbox 1680 2421 1797 2470; x_wconf 88' lang='lat' dir='ltr'>paullo</span> <span class='ocrx_word' id='word_1_502' title='bbox 1834 2422 2030 2459; x_wconf 85' lang='lat' dir='ltr'>accuratius</span> <span class='ocrx_word' id='word_1_503' title='bbox 2063 2436 2266 2472; x_wconf 91' lang='lat' dir='ltr'>premamus</span> <span class='ocrx_word' id='word_1_504' title='bbox 2296 2433 2446 2461; x_wconf 91' lang='lat' dir='ltr'>senten-</span> 
     </span>
     <span class='ocr_line' id='line_1_37' title="bbox 172 2479 2227 2537; baseline 0.003 -20"><span class='ocrx_word' id='word_1_505' title='bbox 172 2479 298 2519; x_wconf 83' lang='lat' dir='ltr'>tiarum</span> <span class='ocrx_word' id='word_1_506' title='bbox 328 2482 503 2521; x_wconf 88' lang='lat' dir='ltr'>ordinem.</span> <span class='ocrx_word' id='word_1_507' title='bbox 533 2483 690 2535; x_wconf 90' lang='lat' dir='ltr'>quinque</span> <span class='ocrx_word' id='word_1_508' title='bbox 720 2485 815 2522; x_wconf 88' lang='lat' dir='ltr'>enim</span> <span class='ocrx_word' id='word_1_509' title='bbox 843 2484 1003 2536; x_wconf 85' lang='lat' dir='ltr'>prodigia</span> <span class='ocrx_word' id='word_1_510' title='bbox 1031 2484 1139 2523; x_wconf 87' lang='lat' dir='ltr'>refert</span> <span class='ocrx_word' id='word_1_511' title='bbox 1165 2484 1314 2530; x_wconf 81' lang='lat' dir='ltr'>Tacitus,</span> <span class='ocrx_word' id='word_1_512' title='bbox 1343 2484 1472 2535; x_wconf 89' lang='lat' dir='ltr'>quibus</span> <span class='ocrx_word' id='word_1_513' title='bbox 1501 2483 1733 2523; x_wconf 87' lang='lat' dir='ltr'>Camuloduni</span> <span class='ocrx_word' id='word_1_514' title='bbox 1762 2486 1904 2523; x_wconf 83' lang='lat' dir='ltr'>exitium</span> <span class='ocrx_word' id='word_1_515' title='bbox 1933 2485 2227 2537; x_wconf 82' lang='lat' dir='ltr'>portendebatur:</span> 
     </span>
    </p>

    <p class='ocr_par' dir='ltr' id='par_1_10' title="bbox 226 2546 2448 2654">
     <span class='ocr_line' id='line_1_38' title="bbox 226 2546 2448 2601; baseline 0.005 -21"><span class='ocrx_word' id='word_1_516' title='bbox 226 2546 258 2590; x_wconf 72' lang='lat'>4)</span> <span class='ocrx_word' id='word_1_517' title='bbox 286 2547 374 2582; x_wconf 80' lang='lat' dir='ltr'>inter</span> <span class='ocrx_word' id='word_1_518' title='bbox 400 2561 485 2596; x_wconf 84' lang='lat' dir='ltr'>quae</span> <span class='ocrx_word' id='word_1_519' title='bbox 511 2550 605 2585; x_wconf 81' lang='lat' dir='ltr'>nulla</span> <span class='ocrx_word' id='word_1_520' title='bbox 628 2551 745 2597; x_wconf 82' lang='lat' dir='ltr'>palam</span> <span class='ocrx_word' id='word_1_521' title='bbox 765 2562 876 2586; x_wconf 75' lang='lat' dir='ltr'>causa</span> <span class='ocrx_word' id='word_1_522' title='bbox 903 2551 1075 2597; x_wconf 82' lang='lat' dir='ltr'>delapsum</span> <span class='ocrx_word' id='word_1_523' title='bbox 1100 2549 1319 2586; x_wconf 77' lang='lat' dir='ltr'>Camuloduni</span> <span class='ocrx_word' id='word_1_524' title='bbox 1342 2551 1560 2586; x_wconf 79' lang='lat' dir='ltr'>simulacrum</span> <span class='ocrx_word' id='word_1_525' title='bbox 1592 2550 1757 2586; x_wconf 81' lang='lat' dir='ltr'>Victoriae</span> <span class='ocrx_word' id='word_1_526' title='bbox 1785 2563 1823 2586; x_wconf 79' lang='lat' dir='ltr'>ac</span> <span class='ocrx_word' id='word_1_527' title='bbox 1850 2557 1938 2587; x_wconf 79' lang='lat' dir='ltr'>retro</span> <span class='ocrx_word' id='word_1_528' title='bbox 1966 2564 2169 2593; x_wconf 80' lang='lat' dir='ltr'>conversum,</span> <span class='ocrx_word' id='word_1_529' title='bbox 2198 2555 2293 2601; x_wconf 79' lang='lat' dir='ltr'>quasi</span> <span class='ocrx_word' id='word_1_530' title='bbox 2322 2555 2448 2590; x_wconf 79' lang='lat' dir='ltr'>cederet</span> 
     </span>
     <span class='ocr_line' id='line_1_39' title="bbox 289 2610 456 2654; baseline 0.012 -8"><span class='ocrx_word' id='word_1_531' title='bbox 289 2610 456 2654; x_wconf 73' lang='lat' dir='ltr'>hostibus;</span> 
     </span>
    </p>

    <p class='ocr_par' dir='ltr' id='par_1_11' title="bbox 221 2673 1422 2724">
     <span class='ocr_line' id='line_1_40' title="bbox 221 2673 1422 2724; baseline 0.005 -16"><span class='ocrx_word' id='word_1_532' title='bbox 221 2673 258 2718; x_wconf 83' lang='lat'>2)</span> <span class='ocrx_word' id='word_1_533' title='bbox 286 2678 318 2709; x_wconf 86' lang='lat' dir='ltr'>et</span> <span class='ocrx_word' id='word_1_534' title='bbox 342 2675 488 2721; x_wconf 83' lang='lat' dir='ltr'>feminae</span> <span class='ocrx_word' id='word_1_535' title='bbox 514 2677 550 2711; x_wconf 81' lang='lat' dir='ltr'>in</span> <span class='ocrx_word' id='word_1_536' title='bbox 575 2679 727 2724; x_wconf 78' lang='lat' dir='ltr'>furorem</span> <span class='ocrx_word' id='word_1_537' title='bbox 753 2677 906 2714; x_wconf 83' lang='lat' dir='ltr'>turbatae</span> <span class='ocrx_word' id='word_1_538' title='bbox 934 2678 1047 2714; x_wconf 83' lang='lat' dir='ltr'>adesse</span> <span class='ocrx_word' id='word_1_539' title='bbox 1074 2678 1216 2714; x_wconf 67' lang='lat' dir='ltr'>evitium</span> <span class='ocrx_word' id='word_1_540' title='bbox 1242 2678 1422 2720; x_wconf 77' lang='lat' dir='ltr'>canebant,-</span> 
     </span>
    </p>

    <p class='ocr_par' dir='ltr' id='par_1_12' title="bbox 222 2737 1844 2786">
     <span class='ocr_line' id='line_1_41' title="bbox 222 2737 1844 2786; baseline 0.002 -14"><span class='ocrx_word' id='word_1_541' title='bbox 222 2737 259 2774; x_wconf 81' lang='lat'>5)</span> <span class='ocrx_word' id='word_1_542' title='bbox 288 2741 505 2786; x_wconf 67' lang='lat' dir='ltr'>externosque</span> <span class='ocrx_word' id='word_1_543' title='bbox 529 2741 685 2786; x_wconf 79' lang='lat' dir='ltr'>fremitus</span> <span class='ocrx_word' id='word_1_544' title='bbox 712 2742 749 2777; x_wconf 85' lang='lat' dir='ltr'>in</span> <span class='ocrx_word' id='word_1_545' title='bbox 776 2742 871 2777; x_wconf 78' lang='lat' dir='ltr'>curia</span> <span class='ocrx_word' id='word_1_546' title='bbox 898 2753 1014 2777; x_wconf 85' lang='lat' dir='ltr'>eorum</span> <span class='ocrx_word' id='word_1_547' title='bbox 1041 2742 1181 2784; x_wconf 74' lang='lat' dir='ltr'>auditos,</span> <span class='ocrx_word' id='word_1_548' title='bbox 1210 2743 1422 2778; x_wconf 79' lang='lat' dir='ltr'>consonuisse</span> <span class='ocrx_word' id='word_1_549' title='bbox 1449 2743 1630 2778; x_wconf 79' lang='lat' dir='ltr'>ululatibus</span> <span class='ocrx_word' id='word_1_550' title='bbox 1658 2743 1844 2782; x_wconf 74' lang='lat' dir='ltr'>theatrum,-</span> 
     </span>
    </p>
   </div>
   <div class='ocr_carea' id='block_1_8' title="bbox 215 2876 2446 3082">
    <p class='ocr_par' dir='ltr' id='par_1_13' title="bbox 218 2876 2446 2976">
     <span class='ocr_line' id='line_1_42' title="bbox 218 2876 2446 2928; baseline 0.004 -19"><span class='ocrx_word' id='word_1_551' title='bbox 218 2876 238 2918; x_wconf 93' lang='lat'>¹)</span> <span class='ocrx_word' id='word_1_552' title='bbox 263 2878 299 2908; x_wconf 83' lang='lat' dir='ltr'>cf.</span> <span class='ocrx_word' id='word_1_553' title='bbox 322 2882 440 2919; x_wconf 87' lang='lat' dir='ltr'>praeter</span> <span class='ocrx_word' id='word_1_554' title='bbox 461 2880 493 2910; x_wconf 76' lang='lat' dir='ltr'>A.</span> <span class='ocrx_word' id='word_1_555' title='bbox 517 2880 620 2918; x_wconf 72' lang='lat'>14,49</span> <span class='ocrx_word' id='word_1_556' title='bbox 646 2894 734 2924; x_wconf 84' lang='lat' dir='ltr'>quem</span> <span class='ocrx_word' id='word_1_557' title='bbox 764 2884 864 2915; x_wconf 90' lang='lat' dir='ltr'>locum</span> <span class='ocrx_word' id='word_1_558' title='bbox 887 2884 1083 2925; x_wconf 87' lang='lat' dir='ltr'>Nipperdeius</span> <span class='ocrx_word' id='word_1_559' title='bbox 1112 2888 1182 2925; x_wconf 79' lang='lat' dir='ltr'>post</span> <span class='ocrx_word' id='word_1_560' title='bbox 1212 2885 1285 2916; x_wconf 87' lang='lat' dir='ltr'>alios</span> <span class='ocrx_word' id='word_1_561' title='bbox 1315 2886 1466 2922; x_wconf 77' lang='lat' dir='ltr'>indicavit,</span> <span class='ocrx_word' id='word_1_562' title='bbox 1496 2888 1528 2916; x_wconf 84' lang='lat' dir='ltr'>A.</span> <span class='ocrx_word' id='word_1_563' title='bbox 1553 2886 1652 2922; x_wconf 68' lang='grc' dir='ltr'>15,Ξὲ</span> <span class='ocrx_word' id='word_1_564' title='bbox 1686 2896 1742 2916; x_wconf 81' lang='lat' dir='ltr'>non</span> <span class='ocrx_word' id='word_1_565' title='bbox 1767 2891 1868 2917; x_wconf 79' lang='lat' dir='ltr'>lamen</span> <span class='ocrx_word' id='word_1_566' title='bbox 1891 2892 2014 2917; x_wconf 73' lang='lat' dir='ltr'>senalus</span> <span class='ocrx_word' id='word_1_567' title='bbox 2038 2890 2205 2919; x_wconf 73' lang='lat' dir='ltr'>consultum</span> <span class='ocrx_word' id='word_1_568' title='bbox 2224 2889 2329 2928; x_wconf 68' lang='lat' dir='ltr'>perfici</span> <span class='ocrx_word' id='word_1_569' title='bbox 2350 2891 2446 2928; x_wconf 76' lang='lat' dir='ltr'>potuit</span> 
     </span>
     <span class='ocr_line' id='line_1_43' title="bbox 265 2932 1906 2976; baseline 0.005 -15"><span class='ocrx_word' id='word_1_570' title='bbox 265 2932 463 2963; x_wconf 69' lang='lat' dir='ltr'>abnuentibus</span> <span class='ocrx_word' id='word_1_571' title='bbox 485 2935 654 2965; x_wconf 73' lang='lat' dir='ltr'>consulibus</span> <span class='ocrx_word' id='word_1_572' title='bbox 677 2938 714 2967; x_wconf 85' lang='lat' dir='ltr'>de</span> <span class='ocrx_word' id='word_1_573' title='bbox 736 2947 773 2967; x_wconf 85' lang='lat' dir='ltr'>ea</span> <span class='ocrx_word' id='word_1_574' title='bbox 795 2947 828 2967; x_wconf 89' lang='lat' dir='ltr'>re</span> <span class='ocrx_word' id='word_1_575' title='bbox 851 2938 980 2967; x_wconf 82' lang='lat' dir='ltr'>relatum</span> <span class='ocrx_word' id='word_1_576' title='bbox 1003 2938 1240 2976; x_wconf 82' lang='lat' dir='ltr'>(substantivum,</span> <span class='ocrx_word' id='word_1_577' title='bbox 1263 2939 1329 2968; x_wconf 78' lang='lat' dir='ltr'>vide</span> <span class='ocrx_word' id='word_1_578' title='bbox 1353 2939 1434 2969; x_wconf 84' lang='lat' dir='ltr'>Halm</span> <span class='ocrx_word' id='word_1_579' title='bbox 1458 2944 1617 2969; x_wconf 88' lang='lat' dir='ltr'>comment.</span> <span class='ocrx_word' id='word_1_580' title='bbox 1642 2939 1731 2969; x_wconf 85' lang='lat' dir='ltr'>critic.</span> <span class='ocrx_word' id='word_1_581' title='bbox 1756 2940 1800 2969; x_wconf 89' lang='lat' dir='ltr'>ad.</span> <span class='ocrx_word' id='word_1_582' title='bbox 1825 2940 1852 2969; x_wconf 92' lang='lat' dir='ltr'>h.</span> <span class='ocrx_word' id='word_1_583' title='bbox 1878 2941 1906 2969; x_wconf 75' lang='lat' dir='ltr'>l.»</span> 
     </span>
    </p>

    <p class='ocr_par' dir='ltr' id='par_1_14' title="bbox 215 2980 1116 3027">
     <span class='ocr_line' id='line_1_44' title="bbox 215 2980 1116 3027; baseline 0.01 -13"><span class='ocrx_word' id='word_1_584' title='bbox 215 2980 240 3022; x_wconf 83' lang='lat'>²)</span> <span class='ocrx_word' id='word_1_585' title='bbox 264 2984 300 3014; x_wconf 79' lang='lat' dir='ltr'>cf.</span> <span class='ocrx_word' id='word_1_586' title='bbox 323 2986 355 3016; x_wconf 97' lang='lat' dir='ltr'>A.</span> <span class='ocrx_word' id='word_1_587' title='bbox 378 2985 428 3024; x_wconf 81' lang='grc'>15,</span> <span class='ocrx_word' id='word_1_588' title='bbox 440 2986 475 3017; x_wconf 80' lang='grc'>21</span> <span class='ocrx_word' id='word_1_589' title='bbox 503 2996 612 3027; x_wconf 72' lang='lat' dir='ltr'>maqno</span> <span class='ocrx_word' id='word_1_590' title='bbox 635 2990 767 3021; x_wconf 74' lang='lat' dir='ltr'>adsensu</span> <span class='ocrx_word' id='word_1_591' title='bbox 788 2991 938 3022; x_wconf 83' lang='lat' dir='ltr'>celebrata</span> <span class='ocrx_word' id='word_1_592' title='bbox 959 2993 1116 3022; x_wconf 77' lang='lat' dir='ltr'>sententia.</span> 
     </span>
    </p>

    <p class='ocr_par' dir='ltr' id='par_1_15' title="bbox 215 3035 980 3082">
     <span class='ocr_line' id='line_1_45' title="bbox 215 3035 980 3082; baseline 0.013 -17"><span class='ocrx_word' id='word_1_593' title='bbox 215 3035 240 3072; x_wconf 73' lang='lat'>³)</span> <span class='ocrx_word' id='word_1_594' title='bbox 263 3039 295 3066; x_wconf 88' lang='lat' dir='ltr'>A.</span> <span class='ocrx_word' id='word_1_595' title='bbox 319 3039 420 3075; x_wconf 76' lang='lat'>15,22</span> <span class='ocrx_word' id='word_1_596' title='bbox 442 3049 515 3071; x_wconf 76' lang='lat' dir='ltr'>moa:</span> <span class='ocrx_word' id='word_1_597' title='bbox 537 3046 659 3072; x_wconf 79' lang='lat' dir='ltr'>auctore</span> <span class='ocrx_word' id='word_1_598' title='bbox 679 3045 818 3082; x_wconf 74' lang='lat' dir='ltr'>principe</span> <span class='ocrx_word' id='word_1_599' title='bbox 840 3054 980 3074; x_wconf 70' lang='lat' dir='ltr'>sanxere.</span> 
     </span>
    </p>
   </div>
   <div class='ocr_carea' id='block_1_9' title="bbox 214 3086 1370 3181">
    <p class='ocr_par' dir='ltr' id='par_1_16' title="bbox 214 3086 1370 3181">
     <span class='ocr_line' id='line_1_46' title="bbox 215 3086 1370 3140; baseline 0.008 -20"><span class='ocrx_word' id='word_1_600' title='bbox 215 3086 240 3129; x_wconf 84' lang='lat'>⁴)</span> <span class='ocrx_word' id='word_1_601' title='bbox 264 3090 332 3121; x_wconf 81' lang='lat' dir='ltr'>vine</span> <span class='ocrx_word' id='word_1_602' title='bbox 355 3092 442 3124; x_wconf 91' lang='lat' dir='ltr'>codd.</span> <span class='ocrx_word' id='word_1_603' title='bbox 466 3093 575 3126; x_wconf 89' lang='lat' dir='ltr'>eodem</span> <span class='ocrx_word' id='word_1_604' title='bbox 598 3105 701 3127; x_wconf 91' lang='lat' dir='ltr'>errore</span> <span class='ocrx_word' id='word_1_605' title='bbox 724 3100 804 3129; x_wconf 81' lang='lat' dir='ltr'>extat</span> <span class='ocrx_word' id='word_1_606' title='bbox 825 3098 858 3129; x_wconf 90' lang='lat' dir='ltr'>A.</span> <span class='ocrx_word' id='word_1_607' title='bbox 883 3096 962 3135; x_wconf 69' lang='lat'>14‚5</span> <span class='ocrx_word' id='word_1_608' title='bbox 985 3099 1120 3138; x_wconf 75' lang='lat' dir='ltr'>quamvis</span> <span class='ocrx_word' id='word_1_609' title='bbox 1142 3108 1196 3140; x_wconf 90' lang='lat' dir='ltr'>pro</span> <span class='ocrx_word' id='word_1_610' title='bbox 1220 3108 1309 3139; x_wconf 82' lang='lat' dir='ltr'>quam</span> <span class='ocrx_word' id='word_1_611' title='bbox 1331 3104 1370 3130; x_wconf 82' lang='lat' dir='ltr'>ut.</span> 
     </span>
     <span class='ocr_line' id='line_1_47' title="bbox 214 3140 477 3181; baseline 0.015 -10"><span class='ocrx_word' id='word_1_612' title='bbox 214 3140 239 3181; x_wconf 80' lang='lat'>⁵)</span> <span class='ocrx_word' id='word_1_613' title='bbox 262 3151 366 3172; x_wconf 86' lang='lat' dir='ltr'>eorum</span> <span class='ocrx_word' id='word_1_614' title='bbox 389 3146 477 3175; x_wconf 90' lang='lat' dir='ltr'>codd.</span> 
     </span>
    </p>
   </div>
   <div class='ocr_carea' id='block_1_10' title="bbox 213 3192 1096 3289">
    <p class='ocr_par' dir='ltr' id='par_1_17' title="bbox 213 3192 1096 3289">
     <span class='ocr_line' id='line_1_48' title="bbox 213 3192 1096 3245; baseline 0.012 -20"><span class='ocrx_word' id='word_1_615' title='bbox 213 3192 239 3236; x_wconf 52' lang='grc' dir='ltr'>ὅ)</span> <span class='ocrx_word' id='word_1_616' title='bbox 264 3195 411 3236; x_wconf 75' lang='lat' dir='ltr'>impulere</span> <span class='ocrx_word' id='word_1_617' title='bbox 434 3198 523 3230; x_wconf 89' lang='lat' dir='ltr'>codd.</span> <span class='ocrx_word' id='word_1_618' title='bbox 547 3201 669 3240; x_wconf 84' lang='lat' dir='ltr'>impune</span> <span class='ocrx_word' id='word_1_619' title='bbox 692 3213 796 3244; x_wconf 81' lang='lat' dir='ltr'>margo</span> <span class='ocrx_word' id='word_1_620' title='bbox 820 3203 927 3245; x_wconf 83' lang='lat' dir='ltr'>Grypb.</span> <span class='ocrx_word' id='word_1_621' title='bbox 949 3204 1096 3235; x_wconf 80' lang='lat' dir='ltr'>Heinisch.</span> 
     </span>
     <span class='ocr_line' id='line_1_49' title="bbox 216 3247 807 3289; baseline 0.015 -11"><span class='ocrx_word' id='word_1_622' title='bbox 216 3247 240 3289; x_wconf 74' lang='grc' dir='ltr'>τ)</span> <span class='ocrx_word' id='word_1_623' title='bbox 264 3248 331 3280; x_wconf 85' lang='lat' dir='ltr'>vide</span> <span class='ocrx_word' id='word_1_624' title='bbox 354 3249 471 3281; x_wconf 80' lang='lat' dir='ltr'>Freund</span> <span class='ocrx_word' id='word_1_625' title='bbox 493 3252 578 3283; x_wconf 88' lang='lat' dir='ltr'>lexic.</span> <span class='ocrx_word' id='word_1_626' title='bbox 601 3263 625 3284; x_wconf 84' lang='lat' dir='ltr'>s.</span> <span class='ocrx_word' id='word_1_627' title='bbox 648 3264 675 3285; x_wconf 82' lang='lat' dir='ltr'>v.</span> <span class='ocrx_word' id='word_1_628' title='bbox 697 3256 753 3286; x_wconf 86' lang='lat' dir='ltr'>vel.</span> <span class='ocrx_word' id='word_1_629' title='bbox 777 3256 807 3287; x_wconf 89' lang='lat'>11.</span> 
     </span>
    </p>
   </div>
   <div class='ocr_carea' id='block_1_11' title="bbox 212 3301 1953 3354">
    <p class='ocr_par' dir='ltr' id='par_1_18' title="bbox 212 3301 1953 3354">
     <span class='ocr_line' id='line_1_50' title="bbox 212 3301 1953 3354; baseline 0.006 -20"><span class='ocrx_word' id='word_1_630' title='bbox 212 3301 239 3344; x_wconf 83' lang='lat'>⁸)</span> <span class='ocrx_word' id='word_1_631' title='bbox 263 3303 300 3335; x_wconf 86' lang='lat' dir='ltr'>ct’.</span> <span class='ocrx_word' id='word_1_632' title='bbox 326 3303 358 3335; x_wconf 84' lang='grc' dir='ltr'>Η.</span> <span class='ocrx_word' id='word_1_633' title='bbox 381 3303 464 3343; x_wconf 82' lang='grc'><strong>4,80</strong></span> <span class='ocrx_word' id='word_1_634' title='bbox 485 3307 727 3340; x_wconf 76' lang='lat' dir='ltr'>trahebatur</span> <span class='ocrx_word' id='word_1_635' title='bbox 748 3310 974 3350; x_wconf 69' lang='lat' dir='ltr'>(Vespasianus)</span> <span class='ocrx_word' id='word_1_636' title='bbox 996 3312 1028 3342; x_wconf 82' lang='lat' dir='ltr'>in</span> <span class='ocrx_word' id='word_1_637' title='bbox 1049 3312 1178 3350; x_wconf 74' lang='lat' dir='ltr'>diversa,</span> <span class='ocrx_word' id='word_1_638' title='bbox 1200 3312 1270 3343; x_wconf 78' lang='lat' dir='ltr'>hinc</span> <span class='ocrx_word' id='word_1_639' title='bbox 1290 3314 1406 3343; x_wconf 73' lang='lat' dir='ltr'>meritis</span> <span class='ocrx_word' id='word_1_640' title='bbox 1427 3312 1548 3344; x_wconf 80' lang='lat' dir='ltr'>Antonii</span> <span class='ocrx_word' id='word_1_641' title='bbox 1569 3313 1638 3343; x_wconf 81' lang='lat' dir='ltr'>inde</span> <span class='ocrx_word' id='word_1_642' title='bbox 1660 3313 1790 3344; x_wconf 80' lang='lat' dir='ltr'>Muciani</span> <span class='ocrx_word' id='word_1_643' title='bbox 1811 3314 1953 3354; x_wconf 70' lang='lat' dir='ltr'>epistulis.</span> 
     </span>
    </p>
   </div>
  </div>
 </body>
</html>
