2651 3500
0 38 131 63 'anuh-'⁷¹
155 54 159 57 .
209 46 211 49 .

1277 73 1303 112 5

346 209 552 259 Sequuntur
586 206 651 243 tria
688 205 940 243 sententiarum
974 205 1088 254 paria,
1125 203 1236 241 tribus
1271 202 1339 240 illis
1375 200 1602 240 substantivis
1636 212 1704 251 per
1740 199 1937 240 chiasmum
1973 199 2168 252 opponit».
2210 227 2214 231 -
2247 227 2264 242 -,
2436 254 2449 267 .

160 286 312 312 noscere
341 270 556 323 provinciam
584 268 685 307 nosci
713 267 882 306 exercitui
910 267 1123 306 contrarium
1150 272 1207 305 est
1234 266 1404 311 inscitiae,
1431 265 1580 304 alterum
1607 270 1645 302 et
1670 265 1812 303 tertium
1838 265 1935 315 paria
1961 263 2101 302 discere
2126 275 2149 302 a
2170 262 2317 314 pn&
2341 264 2358 273 ’“
2386 263 2393 274 ”
2410 264 2432 274 ·’

161 338 324 390 optimos,
352 334 436 373 nihil
464 333 632 385 adpetere
661 332 696 370 in
722 332 947 383 jactationem
974 331 1060 369 nihil
1088 331 1134 369 ob
1162 330 1386 368 formidinem
1404 341 1576 367 recusare
1599 329 1787 367 referenda
1810 334 1895 366 sunt
1920 328 2003 367 item
2029 329 2222 378 χωπαὸς
2246 326 2292 365 ad
2317 312 2596 387 νὴ·

159 403 202 440 ad
230 403 425 451 voluptates
455 404 491 436 et
517 403 746 436 commeatus.
801 396 890 434 haec
917 396 1061 434 demum
1089 396 1254 434 virtutum
1289 387 1510 434 'enumeratio
1546 394 1647 445 quasi
1684 393 1720 432 in
1754 397 1863 432 unum
1897 392 2073 445 colligitur
2100 391 2276 431 sententia
2301 388 2454 431 ultim

160 467 272 519 posita
309 464 389 502 loco
419 461 593 514 simulque
623 466 658 499 et
684 460 808 499 anxius
841 466 878 498 et
904 460 1059 498 intentus
1087 471 1210 511 agere,
1243 471 1334 510 quae
1372 464 1428 496 est
1460 458 1649 509 praecipua
1683 457 1838 494 militaris
1871 458 1935 494 viri
1962 457 2049 494 laus.
2104 468 2214 507 quare
2241 468 2315 493 non
2341 467 2426 494 αι-

158 530 286 568 Rothio
309 528 437 564 Wexio
465 527 541 563 aliis
569 538 633 575 per
660 537 729 574 que
759 526 960 573 particulam
990 526 1096 561 verba
1123 536 1289 560 recusare
1317 530 1354 560 et
1379 536 1485 572 agere
1514 524 1604 559 inter
1632 536 1671 559 se
1701 529 1785 571 puto
1814 522 1983 572 conjungi
2011 521 2086 566 sed,
2114 519 2149 559 id
2177 519 2276 571 quod
2303 518 2421 559 Kriuii

160 593 330 633 sententia
368 591 506 630 videtur
543 602 643 633 esse,
681 589 742 627 tria
786 600 875 638 quae
914 586 1131 638 praecedunt
1167 599 1246 625 cum
1286 593 1466 637 postremo
1504 586 1693 623 enuntiato.
1742 584 1799 622 bic
1837 585 2087 622 sententiarum
2125 583 2214 621 ordo
2251 583 2426 621 indicetur

160 658 269 694 hacce
298 656 411 693 tabula
424 671 431 692 :
549 640 578 665 *e

240 751 313 789 Nec
354 749 515 801 Agricola
558 749 705 785 licenter
748 760 845 784 more
884 748 1073 796 juvenum,
1116 747 1175 796 qui
1228 776 1488 782 .....
1541 752 1697 788 vertunt,
1740 758 1857 794 neque
1900 745 2056 795 segniter

606 803 610 820 l

164 873 228 886 ‘f
239 821 1019 894 xsi*“
1037 881 1049 886 ·
1100 863 1248 903 (titulum
1278 863 1485 910 tribunatus)
1575 799 2349 893 ‘xjx-‘—
2362 868 2387 874 “
2404 875 2420 881 “

212 901 254 937 ad
284 900 480 950 voluptates
510 904 545 934 et
574 903 792 934 commeatus
1723 900 1758 931 et
1786 895 1854 941 (ad)
1883 900 2053 956 inscitiam
2084 894 2215 931 rettulit

161 965 223 1002 δώ
609 1007 747 1062 (Μέθη
776 1038 794 1061 a
823 1025 943 1074 peritis
972 1025 1072 1074 sequi
1101 1003 1264 1074 optimos,
1705 1003 1854 1028 noscere
1883 1002 2097 1041 prownciam
2127 1002 2226 1027 nosci
2255 994 2424 1027 exercitui

174 1091 258 1129 nihil
288 1091 455 1141 adpetere
485 1090 518 1125 in
544 1089 770 1140 jactationem
799 1087 883 1124 nihil
913 1089 958 1124 ob
987 1089 1210 1125 formidinem
1241 1100 1405 1124 recusare

550 1150 2339 1191 mim-j!

906 1198 1080 1249 simulque
1110 1205 1145 1236 et
1172 1199 1294 1235 anxius
1323 1204 1359 1235 et
1386 1199 1541 1235 intentus
1570 1210 1686 1247 agere.

350 1295 446 1340 Quae
471 1300 667 1346 sequuntur
691 1294 795 1332 verba
820 1307 885 1332 non-
907 1307 986 1332 Sane
1009 1296 1094 1332 alias
1122 1295 1431 1332 effrenatior
1456 1295 1627 1343 magisque
1655 1295 1689 1330 in
1717 1294 1868 1342 ambiyuo
1895 1293 2076 1330 Britannia
2100 1295 2177 1341 fuit,
2207 1295 2240 1328 in
2269 1294 2311 1329 iis
2339 1305 2425 1329 num

98 1381 102 1385 ·
161 1367 256 1397 recte
287 1372 326 1397 se
355 1359 481 1397 habeat
508 1359 728 1396 exercitatior
756 1359 964 1395 vocabulum
994 1359 1139 1395 dubium
1168 1365 1231 1394 est.
1280 1370 1359 1394 nam
1388 1371 1494 1407 aegre
1524 1357 1607 1394 mihi
1636 1358 1851 1407 persuadeo,
1885 1357 2095 1394 Britanniam
2125 1357 2158 1394 h.
2187 1357 2207 1394 Ι.
2236 1369 2318 1394 esse
2345 1369 2425 1395 eam

163 1430 295 1460 tantum
325 1423 459 1459 insulae
496 1429 649 1471 partem,
688 1435 777 1471 quae
807 1429 879 1458 tum
908 1435 1072 1459 romanae
1102 1422 1165 1459 fuit
1192 1422 1361 1466 dicionis,
1398 1422 1494 1471 quod
1522 1434 1673 1459 neccsse
1703 1428 1757 1458 est
1784 1421 1999 1458 contendant
2025 1421 2084 1471 qui
2115 1420 2278 1458 codicum
2306 1420 2425 1471 scrip—

160 1493 272 1524 turam
302 1485 521 1523 exercitatior
549 1485 680 1535 quique
718 1484 894 1522 Buchncri
933 1485 1171 1535 conjecturam
1206 1486 1385 1522 excitatior
1417 1490 1568 1523 tuentur.
1607 1484 1723 1521 malim
1762 1485 1904 1534 aliquod
1938 1485 2169 1533 adjectivum,
2208 1496 2279 1534 quo
2308 1485 2425 1521 omnis

160 1550 377 1600 significetur
396 1549 581 1586 Britannia.
609 1562 649 1586 ea
671 1562 775 1599 quam
794 1550 936 1599 requiro
963 1551 1014 1586 vis
1034 1550 1127 1587 inest
1145 1551 1179 1587 in
1206 1551 1399 1587 erectior
1418 1549 1591 1599 adjectivo
1613 1549 1655 1585 cf.
1676 1549 1714 1586 Α,
1737 1549 1795 1593 14,
1810 1548 1857 1585 5Ἰ
1877 1562 1895 1585 e
1909 1555 2035 1586 recta
2049 1561 2065 1583 s
2090 1548 2213 1586 Gallias
2232 1548 2274 1585 ad
2294 1536 2437 1586 nomen

160 1614 350 1658 dictatoris,
380 1614 485 1663 idque
514 1620 636 1650 nostro
665 1614 745 1650 loco
774 1613 1029 1651 restituendum
1059 1626 1200 1651 censeo.

348 1677 507 1727 Denique
545 1677 579 1714 in
614 1678 665 1714 eis
703 1690 793 1727 quae
828 1678 1005 1727 excipiunt
1036 1678 1154 1714 verbis
1181 1679 1338 1715 trucidati
1366 1679 1528 1720 veterani,
1568 1679 1718 1714 incensae
1746 1679 1910 1719 roloniae,
1940 1678 2110 1724 intercepti
2140 1678 2305 1713 everritur
2333 1676 2424 1713 duae

165 1753 220 1775 rrs
246 1747 328 1776 sunt
355 1741 494 1789 dignae,
525 1754 613 1789 quae
644 1741 760 1789 paullo
790 1741 991 1790 diligentius
1019 1742 1290 1790 perpendantur.

356 1803 447 1841 Cum
477 1805 571 1841 enim
600 1805 635 1841 in
664 1803 840 1842 Britannia
869 1818 976 1842 unum
1007 1812 1137 1843 tantum
1166 1804 1528 1843 Camulodunensium
1566 1804 1734 1855 oppidum
1773 1804 1931 1841 coloniae
1961 1805 2104 1840 nomine
2142 1804 2251 1840 fuisse
2286 1804 2424 1853 insigne

164 1874 312 1912 constet,
341 1867 373 1904 h.
403 1867 422 1904 1.
453 1874 488 1904 et
516 1881 543 1904 c.
574 1867 623 1904 52
653 1880 761 1905 vacua
790 1869 930 1905 castella
959 1881 1084 1905 senum
1114 1869 1335 1905 coloniae
1364 1869 1506 1918 pluralis
1543 1881 1712 1905 numerus
1741 1869 1845 1917 vulgo
1882 1881 1924 1904 ca
1959 1870 2091 1904 ratione
2126 1868 2347 1911 defenditur,
2389 1873 2428 1904 ut

159 1931 294 1973 dicant,
333 1931 488 1968 Tacitum
516 1932 637 1969 latiore
667 1945 776 1969 sensu
805 1933 907 1969 etiam
936 1932 1172 1970 Verulamium
1202 1940 1237 1970 et
1263 1933 1495 1977 Londinium,
1533 1933 1612 1982 quia
1641 1932 1738 1969 multi
1767 1932 1813 1969 ibi
1843 1931 1990 1968 Romani
2019 1931 2282 1976 consedissent,
2322 1931 2427 1968 eolo-

161 1995 293 2031 niarum
341 1997 484 2033 nomine
532 1996 857 2045 comprehendisse.
922 2004 955 2034 at
991 2009 1071 2034 cum
1117 1997 1295 2047 legerem,
1333 2009 1423 2047 quae
1471 1997 1505 2033 in
1553 2002 1713 2033 accurata
1759 2009 1875 2034 rerum
1918 2010 1937 2033 a
1984 1995 2153 2033 Suetonio
2197 1995 2345 2033 Paulino
2389 1996 2424 2032 in

161 2057 336 2094 Britannia
375 2065 552 2107 gestarum
586 2060 755 2096 relatione
784 2060 922 2096 Tacitus
951 2060 1104 2104 tradidit,
1143 2061 1248 2097 verba
1282 2060 1319 2096 A.
1352 2060 1410 2105 14,
1436 2060 1486 2098 55
1514 2060 1558 2097 At
1585 2060 1775 2096 Suetonius
1819 2061 1904 2096 mira
1939 2061 2132 2097 constantia
2167 2060 2305 2096 medios
2334 2060 2425 2096 inter

160 2121 280 2158 hostes
305 2121 515 2158 Londinium
539 2123 701 2172 perrexit,
732 2130 1048 2173 cognomento
1077 2123 1274 2173 quidemv
1295 2123 1514 2160 coloniae
1544 2136 1633 2160 non
1662 2124 1851 2173 insigne
1881 2123 1944 2159 sed
1975 2123 2074 2172 copia
2102 2123 2362 2172 negotiatorum
2390 2128 2427 2159 et

165 2191 423 2221 commeatuum
453 2187 604 2222 maxime
641 2187 798 2231 celebre,
837 2188 879 2223 ita
910 2188 983 2224 fere
1012 2186 1095 2224 mihi
1124 2189 1196 2224 visa
1226 2194 1308 2224 sunt
1336 2188 1437 2231 dicta,
1467 2199 1506 2223 ac
1536 2188 1563 2223 si
1594 2188 1754 2236 scriptor,
1783 2200 1872 2236 quae
1902 2194 1981 2223 ante
2010 2187 2142 2236 aliquot
2169 2198 2281 2223 annos
2310 2186 2428 2223 minus

163 2254 265 2285 recte·
287 2248 478 2293 docuisset,
508 2256 710 2287 retractaret
728 2256 832 2300 atque
853 2251 1054 2300 corrigeret.
1084 2251 1216 2287 similes
1246 2251 1357 2296 locos,
1379 2251 1507 2300 quibus
1529 2263 1567 2287 se
1597 2251 1671 2300 ipsc
1703 2251 1846 2301 corrigit
1868 2250 2017 2294 Tacitus,
2046 2250 2154 2286 habes
2184 2251 2217 2286 in
2234 2249 2425 2299 Nipperdei

161 2311 423 2361 prolegomenis
453 2326 485 2362 p.
516 2312 575 2349 2⁰2.

347 2387 476 2425 'sm-,tur
497 2387 645 2426 Kritzius
675 2390 882 2439 scripturam
903 2390 1064 2427 codicum
1087 2390 1126 2426 Γ
1141 2390 1175 2426 Δ
1193 2390 1453 2440 intersepti
1482 2390 1666 2427 exercitus.
1698 2391 1752 2427 cui
1783 2402 1827 2427 ne
1857 2390 2037 2434 assentiar,
2067 2389 2157 2426 duae
2187 2401 2246 2426 res
2275 2388 2426 2425 obstant.

160 2462 238 2486 nam
268 2464 401 2500 neque,
430 2452 693 2489 ubi‘exercitus
722 2453 904 2503 intersepti
933 2460 1023 2498 sunt,
1053 2454 1097 2490 ita
1126 2459 1163 2490 ut
1191 2454 1256 2490 sibi
1286 2455 1435 2490 invicem
1464 2454 1590 2490 auxilio
1620 2455 1738 2490 venire
1768 2466 1840 2490 non
1870 2455 2016 2503 possint,
2046 2460 2101 2490 est
2120 2466 2271 2490 necesse
2294 2459 2427 2490 tantum

159 2513 203 2548 sit
231 2515 435 2562 periculum,
464 2523 502 2553 ut
529 2516 633 2553 etiam
662 2516 706 2554 de
735 2518 967 2567 possessione
996 2517 1183 2563 dubitetur,
1212 2531 1329 2568 neque
1360 2530 1440 2555 cum
1469 2518 1531 2562 eis,
1560 2530 1650 2567 quae
1679 2517 1716 2554 A.
1741 2517 1798 2563 14,
1815 2516 1860 2555 31
1895 2530 1940 2554 ss.
1971 2523 2105 2554 narrata
2135 2522 2226 2561 sunt,
2256 2517 2426 2554 convenit

160 2576 338 2626 intersepti
366 2580 585 2617 vocabulum.
629 2594 713 2617 sanc
749 2582 843 2618 enim
871 2582 909 2617 A.
942 2581 1000 2626 14,
1030 2580 1079 2618 35
1116 2581 1297 2618 Bouduica
1333 2582 1455 2630 jactat,
1493 2582 1665 2619 cecidisse
1703 2582 1880 2631 legionem
1915 2594 2005 2631 quac
2041 2581 2215 2631 proelium
2249 2594 2334 2618 ausa
2372 2582 2426 2626 sit,

159 2645 297 2675 ceteros
327 2643 448 2678 eastris
477 2644 643 2680 occultari
673 2651 731 2681 aut
758 2644 878 2694 sugam
902 2645 1184 2694 circumspicere,
1213 2657 1334 2681 verum
1362 2651 1457 2682 recte
1478 2644 1711 2694 Nipperdeius
1733 2644 1820 2681 haec
1841 2645 1947 2681 verba
1967 2645 2008 2681 ad
2030 2645 2224 2682 secundam
2244 2645 2424 2695 legionem

159 2714 176 2737 a
206 2701 338 2739 Poenio
367 2703 535 2742 Postumo
564 2707 785 2744 vicesimanis
823 2720 894 2744 non
923 2707 1049 2744 auxilio
1079 2708 1218 2744 ductam
1247 2707 1371 2752 refert,
1405 2720 1523 2757 neque
1552 2707 1596 2744 de
1626 2708 1692 2744 alio
1723 2708 1898 2757 praesidio
1929 2708 2121 2757 intersepto
2151 2709 2339 2757 quicquam
2368 2713 2424 2744 est

160 2765 330 2801 traditum.
368 2773 487 2803 contra
516 2771 645 2806 nonani
675 2784 693 2806 a
714 2771 835 2807 Petilio
864 2770 998 2807 Ceriale
1029 2772 1202 2808 veteranis
1231 2771 1388 2808 subsidio
1418 2771 1512 2808 ducti
1532 2784 1550 2808 a
1570 2771 1743 2808 Britannis
1773 2778 1855 2808 sunt
1882 2771 2075 2821 intercepti.
2111 2783 2219 2820 quare
2239 2770 2423 2808 Puteolani

159 2829 358 2866 emendatio
388 2830 650 2882 intercepti
680 2834 855 2871 exercitus
884 2834 1067 2871 retinenda
1095 2833 1241 2871 videtur.

345 2938 435 2985 Agr.
463 2938 497 2975 9.
537 2937 658 2976 Consul
686 2942 838 2989 egyreqiae
864 2946 952 2977 tum
980 2942 1049 2989 spei
1075 2941 1183 2989 filiam
1203 2942 1321 2988 juveni
1348 2942 1432 2978 mihi
1460 2942 1640 2989 despondit.
1682 2941 1864 2978 novissimi
1891 2940 2047 2978 editores
2071 2940 2189 2978 Wexii
2218 2940 2430 2977 sententiam

160 2997 411 3045 probaverunt,
450 3001 508 3050 qui
547 3002 581 3038 in
621 3004 696 3052 spei
735 3004 951 3041 substantivo
991 3016 1070 3041 cum
1106 3004 1255 3054 quadam
1291 3004 1456 3054 gravitate
1491 3005 1606 3054 posito
1635 3004 1824 3042 verborum
1853 3005 2018 3054 egregiae
2046 3010 2121 3041 tum
2149 3004 2226 3054 spei
2253 3015 2428 3041 summam

159 3062 288 3097 versari
318 3063 409 3114 dicit.
440 3077 510 3115 quo
540 3066 702 3112 eflicitur,
733 3073 770 3104 ut
796 3073 869 3104 tum
898 3068 1066 3117 particula
1095 3074 1293 3117 opponatur
1321 3068 1521 3118 insequenti
1549 3069 1699 3118 tempori
1728 3069 1910 3119 valeatque
1940 3067 2073 3114 „sehon
2103 3067 2269 3105 damals.“
2298 3067 2425 3105 eadem

159 3123 210 3160 vis
238 3123 330 3162 inest
357 3127 391 3164 in
420 3134 493 3165 tum
521 3131 646 3168 vocula
674 3132 712 3168 A.
740 3132 798 3177 14,
820 3130 863 3168 21
894 3130 1016 3169 Graeci
1046 3132 1202 3176 amictus,
1231 3132 1309 3182 quis
1338 3145 1401 3181 per
1429 3145 1493 3170 eos
1522 3132 1598 3170 dies
1626 3133 1786 3183 plerique
1815 3133 2044 3177 incesserant,
2072 3138 2163 3170 tum
2191 3131 2429 3177 exoleverant,

159 3198 265 3236 quem
276 3183 402 3225 locum
421 3190 656 3241 Nipperdeius
675 3207 741 3231 suo
757 3195 837 3244 jure
857 3195 1103 3245 interpretatur
1121 3206 1260 3239 „waren
1285 3195 1397 3232 sehon
1427 3196 1559 3232 damals
1587 3202 1694 3232 etwas
1723 3197 1810 3232 altes
1839 3196 2063 3245 geworden.“
2092 3196 2216 3232 confer
2242 3201 2426 3244 praeterea

158 3249 270 3296 locos,
298 3251 333 3287 in
362 3253 490 3302 quibus
518 3256 601 3293 olim
630 3263 685 3295 est
711 3258 846 3303 „sehon
874 3258 1046 3309 laengst.“
1074 3258 1103 3295 H
1134 3258 1166 3304 1,
1195 3257 1245 3297 60
1272 3259 1501 3298 Accendebat
1528 3260 1648 3297 odium
1677 3260 1756 3310 ejus
1784 3259 1934 3297 Roscius
1962 3258 2105 3297 Coelius
2132 3258 2270 3310 legatus
2298 3258 2424 3296 vicen-

160 3314 269 3353 simae
296 3315 448 3366 legionis
476 3318 584 3357 olim
614 3321 751 3360 discors
780 3322 844 3360 sed
873 3322 1061 3360 occasione
1089 3322 1240 3361 civilium
1268 3335 1444 3361 armorum
1473 3324 1625 3361 atrocius
1653 3328 1870 3374 proruperat„
1908 3322 1986 3361 sim.

2174 3385 2197 3423 2
2234 3441 2236 3443 .
